timestamp,symbol,side,size,price,tickDirection,trdMatchID,grossValue,homeNotional,foreignNotional,trdType
2023-07-25T04:00:02.173Z,XBTUSD,Buy,8800,29096.5,ZeroMinusTick,1874586b-60ee-298a-e2dd-5ef718647da3,30244192,0.30244192,8800.0,Regular
2023-07-25T04:01:57.785Z,XBTUSD,Sell,700,29100.5,PlusTick,e5ddd580-c92b-89db-c2e1-dd63a6a47cc1,2405459,0.02405459,700.0,Regular
2023-07-25T04:01:57.785Z,XBTUSD,Sell,300,29100.5,ZeroPlusTick,e1153154-8989-3e85-d276-ecb566b3f5a8,1030911,0.01030911,300.0,Regular
2023-07-25T04:01:57.785Z,XBTUSD,Sell,400,29100.5,ZeroPlusTick,82141c83-e625-cbe5-82c1-38ba080f9862,1374548,0.01374548,400.0,Regular
2023-07-25T04:01:57.785Z,XBTUSD,Sell,1000,29100.5,ZeroPlusTick,a6176459-01cc-a221-ce0c-df1d688c70c3,3436370,0.0343637,1000.0,Regular
2023-07-25T04:01:57.785Z,XBTUSD,Sell,100,29100.5,ZeroPlusTick,0454c939-d07f-b031-13e8-c9810adb7867,343637,0.00343637,100.0,Regular
2023-07-25T04:01:57.785Z,XBTUSD,Sell,100,29100.5,ZeroPlusTick,dd6e6e39-394f-7ca8-4376-41fbb25cb3fc,343637,0.00343637,100.0,Regular
2023-07-25T04:01:57.785Z,XBTUSD,Sell,100,29100.5,ZeroPlusTick,1bc426e3-e5c3-2219-6c0b-15ef8e4fcaed,343637,0.00343637,100.0,Regular
2023-07-25T04:01:57.785Z,XBTUSD,Sell,1600,29100.5,ZeroPlusTick,83b3b7ae-c900-321f-1e66-114e971d92a6,5498192,0.05498192,1600.0,Regular
2023-07-25T04:03:26.790Z,XBTUSD,Sell,100,29100.5,ZeroPlusTick,53e4cc45-ca43-1d79-d6a9-44247ea93664,343637,0.00343637,100.0,Regular
2023-07-25T04:05:24.130Z,XBTUSD,Sell,300,29100.5,ZeroPlusTick,b32422ad-87a3-5a7a-440e-94302a3ab971,1030911,0.01030911,300.0,Regular
2023-07-25T04:05:24.130Z,XBTUSD,Sell,3200,29100.5,ZeroPlusTick,0bad48d0-6925-ae2d-5796-dc1176cf012d,10996384,0.10996384,3200.0,Regular
2023-07-25T04:05:26.666Z,XBTUSD,Buy,100,29101.0,PlusTick,2d480aff-01fd-28b5-226a-465d1dbce707,343631,0.00343631,100.0,Regular
2023-07-25T04:05:26.666Z,XBTUSD,Buy,500,29101.0,ZeroPlusTick,36d45d62-8a48-9aac-69a1-a6a2bc3a7377,1718155,0.01718155,500.0,Regular
2023-07-25T04:07:31.746Z,XBTUSD,Sell,12600,29100.5,MinusTick,dbbbfbc5-cfad-a385-481e-89ef3d56939a,43298262,0.43298262,12600.0,Regular
2023-07-25T04:07:31.746Z,XBTUSD,Sell,5000,29100.5,ZeroMinusTick,61a96a9d-ff8b-ac87-35a8-58be0335a0de,17181850,0.1718185,5000.0,Regular
2023-07-25T04:07:31.746Z,XBTUSD,Sell,100,29100.5,ZeroMinusTick,2391ffba-7ffb-2ca0-8c79-88dbd38822e5,343637,0.00343637,100.0,Regular
2023-07-25T04:07:31.746Z,XBTUSD,Sell,15300,29100.5,ZeroMinusTick,5295c896-343b-49d9-43e1-ff8332c7290e,52576461,0.52576461,15300.0,Regular
2023-07-25T04:07:31.746Z,XBTUSD,Sell,100,29100.5,ZeroMinusTick,7e294729-16a2-1ce6-45b6-c4381400320a,343637,0.00343637,100.0,Regular
2023-07-25T04:07:31.746Z,XBTUSD,Sell,200,29100.5,ZeroMinusTick,50b0886e-05f9-88db-fc5f-21c9252b5f8a,687274,0.00687274,200.0,Regular
2023-07-25T04:07:31.746Z,XBTUSD,Sell,7200,29100.5,ZeroMinusTick,edb36ca2-e913-5aac-3b20-89ace8396a35,24741864,0.24741864,7200.0,Regular
2023-07-25T04:07:31.746Z,XBTUSD,Sell,100,29100.5,ZeroMinusTick,5a91cee9-0718-9fe3-1c94-1a5059f711fb,343637,0.00343637,100.0,Regular
2023-07-25T04:07:31.746Z,XBTUSD,Sell,200,29100.5,ZeroMinusTick,7dca28b7-ffb8-082d-4dc1-9a5fdfa891ef,687274,0.00687274,200.0,Regular
2023-07-25T04:07:31.746Z,XBTUSD,Sell,800,29100.5,ZeroMinusTick,c7f46608-9116-fa58-8bf6-4723a213509a,2749096,0.02749096,800.0,Regular
2023-07-25T04:07:31.746Z,XBTUSD,Sell,100,29100.5,ZeroMinusTick,57b2b65e-948a-b28f-3bf7-6f457f8a963b,343637,0.00343637,100.0,Regular
2023-07-25T04:07:31.746Z,XBTUSD,Sell,100,29100.5,ZeroMinusTick,9745b1f7-3a2f-3549-3db1-7662081eb2eb,343637,0.00343637,100.0,Regular
2023-07-25T04:07:31.746Z,XBTUSD,Sell,100,29100.5,ZeroMinusTick,2ec38c03-9f9a-61b9-4b01-c99ae81303f5,343637,0.00343637,100.0,Regular
2023-07-25T04:07:31.746Z,XBTUSD,Sell,200,29100.5,ZeroMinusTick,dba88b85-e7ab-3980-9010-b6f237bcfa34,687274,0.00687274,200.0,Regular
2023-07-25T04:07:31.746Z,XBTUSD,Sell,1300,29100.5,ZeroMinusTick,bcdf74e3-7186-76a8-c326-b4f8dd93dba0,4467281,0.04467281,1300.0,Regular
2023-07-25T04:07:31.746Z,XBTUSD,Sell,3300,29100.5,ZeroMinusTick,b5ad1eb6-2cef-0bed-75f5-3ed040f425cf,11340021,0.11340021,3300.0,Regular
2023-07-25T04:07:31.746Z,XBTUSD,Sell,500,29100.5,ZeroMinusTick,6a17a53b-3690-87bb-4edb-04fcfb036c07,1718185,0.01718185,500.0,Regular
2023-07-25T04:07:31.746Z,XBTUSD,Sell,1700,29100.5,ZeroMinusTick,ac1c7659-d8fe-9615-5fbb-fd6caecdf20f,5841829,0.05841829,1700.0,Regular
2023-07-25T04:07:31.746Z,XBTUSD,Sell,300,29100.5,ZeroMinusTick,d60dbde7-5e0f-8365-2d85-74d548f0d705,1030911,0.01030911,300.0,Regular
2023-07-25T04:07:31.781Z,XBTUSD,Sell,2700,29100.5,ZeroMinusTick,08d65215-1b1c-a1f4-3965-0ff2883f2542,9278199,0.09278199,2700.0,Regular
2023-07-25T04:07:31.786Z,XBTUSD,Sell,9700,29100.5,ZeroMinusTick,83ac35e1-37c8-428b-91ca-1cbd4d2a0a9f,33332789,0.33332789,9700.0,Regular
2023-07-25T04:07:31.786Z,XBTUSD,Sell,200,29100.5,ZeroMinusTick,b37dc745-8e45-56e8-e6b2-a2d2fade8107,687274,0.00687274,200.0,Regular
2023-07-25T04:07:31.786Z,XBTUSD,Sell,100,29100.5,ZeroMinusTick,423bbb1a-decd-ef2a-a619-1b1b6ba04b66,343637,0.00343637,100.0,Regular
2023-07-25T04:07:31.790Z,XBTUSD,Sell,800,29100.0,MinusTick,09457c1f-f412-69b4-36b7-d320140a508c,2749144,0.02749144,800.0,Regular
2023-07-25T04:07:31.841Z,XBTUSD,Sell,100,29096.0,MinusTick,37f9f02f-1ef3-cb26-d271-4e346640e069,343690,0.0034369,100.0,Regular
2023-07-25T04:07:50.970Z,XBTUSD,Sell,100,29092.5,MinusTick,99c8e614-c4a4-9672-584c-506bc1187344,343731,0.00343731,100.0,Regular
2023-07-25T04:08:08.155Z,XBTUSD,Buy,4800,29093.0,PlusTick,5e645d40-e21a-f5f4-314e-cb6cb2dc7159,16498800,0.164988,4800.0,Regular
2023-07-25T04:08:08.155Z,XBTUSD,Buy,30200,29093.0,ZeroPlusTick,19b9b87c-6dea-ecd9-e642-2668430c8492,103804950,1.0380495,30200.0,Regular
2023-07-25T04:08:08.158Z,XBTUSD,Buy,19200,29093.0,ZeroPlusTick,9a0983a4-3231-41b4-430e-76db73d414c9,65995200,0.659952,19200.0,Regular
2023-07-25T04:08:08.158Z,XBTUSD,Buy,600,29093.0,ZeroPlusTick,dad90035-79ea-6e2e-a597-0409f6c1d50c,2062350,0.0206235,600.0,Regular
2023-07-25T04:08:08.158Z,XBTUSD,Buy,11300,29093.0,ZeroPlusTick,860a7318-2623-68be-c462-72a6e77e2ad0,38840925,0.38840925,11300.0,Regular
2023-07-25T04:08:08.160Z,XBTUSD,Buy,117400,29093.0,ZeroPlusTick,2273cf7e-8a7f-2b7d-bfb6-2bceb7783e06,403533150,4.0353315,117400.0,Regular
2023-07-25T04:08:08.160Z,XBTUSD,Buy,2600,29093.0,ZeroPlusTick,61f5bbe3-7755-389b-9582-6eaa09a4ad1e,8936850,0.0893685,2600.0,Regular
2023-07-25T04:08:08.160Z,XBTUSD,Buy,11700,29093.0,ZeroPlusTick,addc1945-1d71-8f78-ac83-a109d14c0bc7,40215825,0.40215825,11700.0,Regular
2023-07-25T04:08:08.160Z,XBTUSD,Buy,3000,29093.0,ZeroPlusTick,7a4bf1d8-3907-20fb-8bec-807a6bef29cc,10311750,0.1031175,3000.0,Regular
2023-07-25T04:08:08.160Z,XBTUSD,Buy,28700,29093.0,ZeroPlusTick,6754eb11-f2cb-8efc-cefe-5980632cf842,98649075,0.98649075,28700.0,Regular
2023-07-25T04:08:08.160Z,XBTUSD,Buy,100,29093.0,ZeroPlusTick,ec361f40-f1bd-7ee2-6550-d9e9bbf1c479,343725,0.00343725,100.0,Regular
2023-07-25T04:08:08.160Z,XBTUSD,Buy,100,29093.0,ZeroPlusTick,84c24eb5-a423-ae81-ad30-a476da8d6b32,343725,0.00343725,100.0,Regular
2023-07-25T04:08:11.303Z,XBTUSD,Buy,100,29096.0,PlusTick,e97802c6-f37e-9ea6-253f-80a66efc7da8,343690,0.0034369,100.0,Regular
2023-07-25T04:08:11.303Z,XBTUSD,Buy,2900,29096.0,ZeroPlusTick,b70731c9-85b8-2474-ae09-42540ecd96f0,9967010,0.0996701,2900.0,Regular
2023-07-25T04:08:23.921Z,XBTUSD,Buy,1000,29096.0,ZeroPlusTick,b32d8c9c-493b-8b42-5d89-52d3586b2bf2,3436900,0.034369,1000.0,Regular
2023-07-25T04:08:34.712Z,XBTUSD,Buy,9000,29096.0,ZeroPlusTick,344fa14b-d902-9ff1-914f-e0b418842cb8,30932100,0.309321,9000.0,Regular
2023-07-25T04:08:41.982Z,XBTUSD,Buy,1000,29096.0,ZeroPlusTick,4e8cbbfd-5345-19ad-7982-629edaeed777,3436900,0.034369,1000.0,Regular
2023-07-25T04:08:44.121Z,XBTUSD,Buy,800,29096.0,ZeroPlusTick,5986d1f4-1877-5efc-66ec-a7ec95e4db8e,2749520,0.0274952,800.0,Regular
2023-07-25T04:08:44.147Z,XBTUSD,Buy,800,29096.0,ZeroPlusTick,0faf632b-17d4-b7b7-44c1-886280376a51,2749520,0.0274952,800.0,Regular
2023-07-25T04:08:44.170Z,XBTUSD,Buy,800,29096.0,ZeroPlusTick,c4e52cc9-8091-4b85-1bb7-3e4d66c29fd9,2749520,0.0274952,800.0,Regular
2023-07-25T04:08:44.194Z,XBTUSD,Buy,800,29096.0,ZeroPlusTick,bdb538d3-c5b1-bf8e-7a9d-7d73f3c2cbfe,2749520,0.0274952,800.0,Regular
2023-07-25T04:08:44.220Z,XBTUSD,Buy,800,29096.0,ZeroPlusTick,51063387-3141-7374-0cc7-6fbfa78d3736,2749520,0.0274952,800.0,Regular
2023-07-25T04:08:44.246Z,XBTUSD,Buy,800,29096.0,ZeroPlusTick,9174905b-c23e-b095-a4c8-d6987c9c3664,2749520,0.0274952,800.0,Regular
2023-07-25T04:08:44.270Z,XBTUSD,Buy,800,29096.0,ZeroPlusTick,1b984916-74f9-2362-06d6-edfc63ca9044,2749520,0.0274952,800.0,Regular
2023-07-25T04:08:44.293Z,XBTUSD,Buy,800,29096.0,ZeroPlusTick,cf700c5b-3b06-0528-6c33-696d769ba406,2749520,0.0274952,800.0,Regular
2023-07-25T04:08:48.417Z,XBTUSD,Buy,97100,29096.0,ZeroPlusTick,61ba5dea-0afb-b499-5062-08cff3ddfcc0,333722990,3.3372299,97100.0,Regular
2023-07-25T04:08:48.417Z,XBTUSD,Buy,100,29096.0,ZeroPlusTick,f0e8255c-f5a7-0a08-8aba-1520413526fd,343690,0.0034369,100.0,Regular
2023-07-25T04:08:48.417Z,XBTUSD,Buy,12600,29096.0,ZeroPlusTick,8c9dae46-6092-2b6c-4529-82b5c4eb56cf,43304940,0.4330494,12600.0,Regular
2023-07-25T04:08:48.417Z,XBTUSD,Buy,100,29096.0,ZeroPlusTick,9550a9d0-512d-461a-7265-6b9c12ecb566,343690,0.0034369,100.0,Regular
2023-07-25T04:08:48.417Z,XBTUSD,Buy,800,29096.0,ZeroPlusTick,7ccd7948-965f-9103-501b-5b2f4183569e,2749520,0.0274952,800.0,Regular
2023-07-25T04:08:55.313Z,XBTUSD,Buy,100,29096.0,ZeroPlusTick,9865a370-388e-9f58-67dd-c1083f812759,343690,0.0034369,100.0,Regular
2023-07-25T04:09:03.341Z,XBTUSD,Buy,400,29096.0,ZeroPlusTick,9e26735d-4067-f765-9bce-06f7cb0efaea,1374760,0.0137476,400.0,Regular
2023-07-25T04:09:03.341Z,XBTUSD,Buy,800,29096.0,ZeroPlusTick,2f5ae28b-c00c-3f04-c594-c07c105f252d,2749520,0.0274952,800.0,Regular
2023-07-25T04:09:03.341Z,XBTUSD,Buy,100,29096.0,ZeroPlusTick,dc3d8c9a-dc96-e33c-bd5d-49007f224a50,343690,0.0034369,100.0,Regular
2023-07-25T04:09:03.341Z,XBTUSD,Buy,8500,29096.0,ZeroPlusTick,6f9b838e-29f6-0551-804d-715b9c7b0d3f,29213650,0.2921365,8500.0,Regular
2023-07-25T04:09:03.341Z,XBTUSD,Buy,400,29096.0,ZeroPlusTick,095eea5f-c3fa-8b1a-c3c8-1e49cf5347ec,1374760,0.0137476,400.0,Regular
2023-07-25T04:09:03.341Z,XBTUSD,Buy,3100,29096.0,ZeroPlusTick,d4015d02-45a1-6ecd-1044-73234bd10dae,10654390,0.1065439,3100.0,Regular
2023-07-25T04:09:03.341Z,XBTUSD,Buy,200,29096.0,ZeroPlusTick,21fc54c7-cb09-a263-b0d6-e36db0394ffa,687380,0.0068738,200.0,Regular
2023-07-25T04:09:17.212Z,XBTUSD,Buy,100,29099.0,PlusTick,926c36df-a3ff-6151-c192-b36e86e85345,343654,0.00343654,100.0,Regular
2023-07-25T04:09:17.212Z,XBTUSD,Buy,5800,29099.0,ZeroPlusTick,2e767d5d-3dc2-60cf-8581-1c43e90c77bb,19931932,0.19931932,5800.0,Regular
2023-07-25T04:09:31.822Z,XBTUSD,Buy,7200,29099.0,ZeroPlusTick,8459f94d-ef4e-a81e-461d-e43e8e5fcf1c,24743088,0.24743088,7200.0,Regular
2023-07-25T04:09:31.822Z,XBTUSD,Buy,100,29099.0,ZeroPlusTick,6ab86164-5eb7-09cc-0634-50f83d18e84b,343654,0.00343654,100.0,Regular
2023-07-25T04:09:31.822Z,XBTUSD,Buy,2700,29099.0,ZeroPlusTick,5a4f3b2e-c86e-0551-4b64-2125ddf73df8,9278658,0.09278658,2700.0,Regular
2023-07-25T04:09:31.822Z,XBTUSD,Buy,1400,29099.0,ZeroPlusTick,9bfef635-8336-ee0d-de20-0fb5590802bb,4811156,0.04811156,1400.0,Regular
2023-07-25T04:09:31.822Z,XBTUSD,Buy,100,29099.0,ZeroPlusTick,d7faf439-7a2f-926e-0577-939a9a9caa54,343654,0.00343654,100.0,Regular
2023-07-25T04:09:31.822Z,XBTUSD,Buy,48600,29099.0,ZeroPlusTick,d02cecb0-030c-8e80-3f9f-0bfefc0007ab,167015844,1.67015844,48600.0,Regular
2023-07-25T04:09:35.724Z,XBTUSD,Buy,800,29099.0,ZeroPlusTick,6bae685d-21f1-e4f0-3790-34426a5d37ef,2749232,0.02749232,800.0,Regular
2023-07-25T04:09:35.747Z,XBTUSD,Buy,800,29099.0,ZeroPlusTick,e25ff050-e305-9870-4603-00dc7e2b837b,2749232,0.02749232,800.0,Regular
2023-07-25T04:09:35.770Z,XBTUSD,Buy,800,29099.0,ZeroPlusTick,2a7a8385-bbbb-b5a7-fded-8de49fc06f6c,2749232,0.02749232,800.0,Regular
2023-07-25T04:09:40.906Z,XBTUSD,Buy,800,29099.0,ZeroPlusTick,63ce7c7b-a8c7-16be-2f8d-ae9c862f988e,2749232,0.02749232,800.0,Regular
2023-07-25T04:09:40.936Z,XBTUSD,Buy,800,29099.0,ZeroPlusTick,f275775e-401c-f722-6574-997c52057a3e,2749232,0.02749232,800.0,Regular
2023-07-25T04:09:40.962Z,XBTUSD,Buy,800,29099.0,ZeroPlusTick,b3ac5364-ee16-ac3a-cf6d-2409fcf0dd20,2749232,0.02749232,800.0,Regular
2023-07-25T04:09:40.986Z,XBTUSD,Buy,600,29099.0,ZeroPlusTick,71fbb902-049f-85ad-4f0e-16fd5d3ee78f,2061924,0.02061924,600.0,Regular
2023-07-25T04:09:40.986Z,XBTUSD,Buy,200,29099.0,ZeroPlusTick,feee8384-8034-e85a-a4a9-e813abe970dd,687308,0.00687308,200.0,Regular
2023-07-25T04:10:27.237Z,XBTUSD,Buy,100,29102.0,PlusTick,3e5a5eff-de29-2f09-29e2-55c44fee0b5c,343619,0.00343619,100.0,Regular
2023-07-25T04:10:27.237Z,XBTUSD,Buy,600,29102.0,ZeroPlusTick,cd50435f-848f-67f6-7107-fb35bb60f2de,2061714,0.02061714,600.0,Regular
2023-07-25T04:10:27.237Z,XBTUSD,Buy,2600,29102.0,ZeroPlusTick,7b5eb5af-0143-005f-4350-1e5a5779e50b,8934094,0.08934094,2600.0,Regular
2023-07-25T04:10:27.237Z,XBTUSD,Buy,16700,29102.0,ZeroPlusTick,3bcbc3e3-c3c5-b021-c156-ab51a11824c2,57384373,0.57384373,16700.0,Regular
2023-07-25T04:10:27.237Z,XBTUSD,Buy,400,29102.0,ZeroPlusTick,24d0d50e-03ea-e152-1a2c-a79666243fe9,1374476,0.01374476,400.0,Regular
2023-07-25T04:12:10.726Z,XBTUSD,Sell,800,29103.5,PlusTick,78b44e2d-b45e-0297-d101-602953d18f4d,2748808,0.02748808,800.0,Regular
2023-07-25T04:12:10.726Z,XBTUSD,Sell,800,29103.5,ZeroPlusTick,6f1cfe56-2e76-eeb9-2f8a-b053252912bc,2748808,0.02748808,800.0,Regular
2023-07-25T04:12:10.726Z,XBTUSD,Sell,2400,29103.5,ZeroPlusTick,841f9772-8dfc-065a-b782-1a8d8d2872b2,8246424,0.08246424,2400.0,Regular
2023-07-25T04:12:10.726Z,XBTUSD,Sell,500,29103.5,ZeroPlusTick,f75d5aa0-53f2-93c9-be85-bfb7ee010c3f,1718005,0.01718005,500.0,Regular
2023-07-25T04:12:10.726Z,XBTUSD,Sell,13500,29103.5,ZeroPlusTick,1cd39303-47a1-dc4a-2b0a-4076bc1b7aaa,46386135,0.46386135,13500.0,Regular
2023-07-25T04:12:10.738Z,XBTUSD,Sell,20800,29103.5,ZeroPlusTick,91a6776e-6df1-128f-cf6d-b20cff2cb7a5,71469008,0.71469008,20800.0,Regular
2023-07-25T04:12:10.740Z,XBTUSD,Sell,83100,29103.5,ZeroPlusTick,0c9dee64-fa9e-277c-4235-ee144adca7bb,285532431,2.85532431,83100.0,Regular
2023-07-25T04:12:10.740Z,XBTUSD,Sell,6100,29103.5,ZeroPlusTick,c0214df3-8148-6f84-95f7-c64a7930eb55,20959661,0.20959661,6100.0,Regular
2023-07-25T04:12:10.740Z,XBTUSD,Sell,3900,29103.5,ZeroPlusTick,d07f9197-50de-f0ea-1a7c-efb12f218eef,13400439,0.13400439,3900.0,Regular
2023-07-25T04:12:10.740Z,XBTUSD,Sell,4900,29103.5,ZeroPlusTick,c65a9d85-fd8a-87a4-feb5-beb68c79bd30,16836449,0.16836449,4900.0,Regular
2023-07-25T04:12:10.740Z,XBTUSD,Sell,100,29103.5,ZeroPlusTick,bc759bb4-2254-115f-f6b6-daf3fb870ada,343601,0.00343601,100.0,Regular
2023-07-25T04:12:10.740Z,XBTUSD,Sell,1700,29103.5,ZeroPlusTick,b052a897-591c-e72e-8648-4c82a955a14b,5841217,0.05841217,1700.0,Regular
2023-07-25T04:12:10.740Z,XBTUSD,Sell,100,29103.5,ZeroPlusTick,bb0e89de-f7d3-da80-3bcb-f2f6a7def1b1,343601,0.00343601,100.0,Regular
2023-07-25T04:12:10.740Z,XBTUSD,Sell,100,29103.5,ZeroPlusTick,01762617-7763-f742-99bf-5e7421d154c0,343601,0.00343601,100.0,Regular
2023-07-25T04:12:10.740Z,XBTUSD,Sell,100,29103.5,ZeroPlusTick,ef941864-201e-56fa-e852-bc45c66053e7,343601,0.00343601,100.0,Regular
2023-07-25T04:12:10.740Z,XBTUSD,Sell,300,29103.5,ZeroPlusTick,a57861b8-24ec-46b2-62c4-b8e67b6b0886,1030803,0.01030803,300.0,Regular
2023-07-25T04:12:10.740Z,XBTUSD,Sell,300,29103.5,ZeroPlusTick,606e6efb-85db-b94b-e015-b6ac4b525d61,1030803,0.01030803,300.0,Regular
2023-07-25T04:12:10.740Z,XBTUSD,Sell,200,29103.5,ZeroPlusTick,723f92a0-3a16-ce32-8ddf-12112a700b3d,687202,0.00687202,200.0,Regular
2023-07-25T04:12:10.740Z,XBTUSD,Sell,100,29103.5,ZeroPlusTick,86c62443-aecc-33ec-e6c0-cab61764171e,343601,0.00343601,100.0,Regular
2023-07-25T04:12:10.740Z,XBTUSD,Sell,37700,29103.5,ZeroPlusTick,2bc68cae-edca-6568-7d6e-e303ccecff82,129537577,1.29537577,37700.0,Regular
2023-07-25T04:12:10.775Z,XBTUSD,Sell,3700,29103.5,ZeroPlusTick,9cfac110-c31c-93a6-c593-be0b7613e50e,12713237,0.12713237,3700.0,Regular
2023-07-25T04:12:10.848Z,XBTUSD,Sell,800,29103.0,MinusTick,21ff9e5e-f2e2-1ae1-b25d-0929f531ac63,2748856,0.02748856,800.0,Regular
2023-07-25T04:12:17.136Z,XBTUSD,Sell,9500,29100.5,MinusTick,59eae907-839e-8f67-4d9b-1dee99c14f34,32645515,0.32645515,9500.0,Regular
2023-07-25T04:12:17.136Z,XBTUSD,Sell,100,29100.5,ZeroMinusTick,7780b96a-5ce4-63f3-08a8-cebf38f1c914,343637,0.00343637,100.0,Regular
2023-07-25T04:12:17.136Z,XBTUSD,Sell,1300,29100.5,ZeroMinusTick,a6dfa402-208a-fe60-6d27-aba90046d9fd,4467281,0.04467281,1300.0,Regular
2023-07-25T04:12:17.136Z,XBTUSD,Sell,500,29100.5,ZeroMinusTick,d4eab68d-796d-d80e-4f8c-89e6c19090a6,1718185,0.01718185,500.0,Regular
2023-07-25T04:12:17.136Z,XBTUSD,Sell,1000,29100.5,ZeroMinusTick,d9281bd3-9241-0824-d874-5ebe82a5e108,3436370,0.0343637,1000.0,Regular
2023-07-25T04:14:57.774Z,XBTUSD,Sell,100,29097.5,MinusTick,76e8e3d5-f901-76f3-a9f3-0db45a5babb2,343672,0.00343672,100.0,Regular
2023-07-25T04:14:57.774Z,XBTUSD,Sell,100,29097.5,ZeroMinusTick,0c6bb4dd-d7d4-9d93-966a-7558558d426b,343672,0.00343672,100.0,Regular
2023-07-25T04:14:57.774Z,XBTUSD,Sell,900,29097.5,ZeroMinusTick,d685f84f-b17d-3989-12d2-7d8525b4ad5d,3093048,0.03093048,900.0,Regular
2023-07-25T04:15:51.542Z,XBTUSD,Buy,100,29098.0,PlusTick,976eec10-41f4-54fa-af38-fff5c6d3cce2,343666,0.00343666,100.0,Regular
2023-07-25T04:15:53.246Z,XBTUSD,Buy,5300,29098.0,ZeroPlusTick,a3730b79-dbd1-45f1-3296-940943d5ceb5,18214298,0.18214298,5300.0,Regular
2023-07-25T04:15:53.246Z,XBTUSD,Buy,56700,29098.0,ZeroPlusTick,3020e576-9369-7bfa-c738-842f2f45704a,194858622,1.94858622,56700.0,Regular
2023-07-25T04:15:53.246Z,XBTUSD,Buy,500,29098.0,ZeroPlusTick,4888bea2-8059-ebc9-6e1d-305df55e97aa,1718330,0.0171833,500.0,Regular
2023-07-25T04:15:53.246Z,XBTUSD,Buy,100,29098.0,ZeroPlusTick,a5b2801c-a40b-bb10-51ac-c71c82020fc7,343666,0.00343666,100.0,Regular
2023-07-25T04:15:53.246Z,XBTUSD,Buy,400,29098.0,ZeroPlusTick,f4836225-f0f4-7ce5-3d4f-f2f456b4b518,1374664,0.01374664,400.0,Regular
2023-07-25T04:15:53.246Z,XBTUSD,Buy,2600,29098.0,ZeroPlusTick,a3f46a7c-7736-6ab5-61d2-a84e45533e29,8935316,0.08935316,2600.0,Regular
2023-07-25T04:15:53.246Z,XBTUSD,Buy,8600,29098.0,ZeroPlusTick,581dcdf6-5f52-58a1-bfbf-50384f3cd473,29555276,0.29555276,8600.0,Regular
2023-07-25T04:15:53.246Z,XBTUSD,Buy,7700,29098.0,ZeroPlusTick,5aa7b8e1-b0f8-ce55-f604-d2902e1589b6,26462282,0.26462282,7700.0,Regular
2023-07-25T04:15:53.246Z,XBTUSD,Buy,100,29098.0,ZeroPlusTick,bd33e23f-e1de-aaba-853a-c353c7e44774,343666,0.00343666,100.0,Regular
2023-07-25T04:15:53.246Z,XBTUSD,Buy,400,29098.0,ZeroPlusTick,42f85fd0-75df-8e28-bf16-c9f7109351c8,1374664,0.01374664,400.0,Regular
2023-07-25T04:15:53.246Z,XBTUSD,Buy,2900,29098.0,ZeroPlusTick,3f5bff44-14e6-972d-4f77-dbc9e1218a14,9966314,0.09966314,2900.0,Regular
2023-07-25T04:15:53.246Z,XBTUSD,Buy,100,29098.0,ZeroPlusTick,153d787e-dedd-ce6a-261a-d5f5d0cc9ce0,343666,0.00343666,100.0,Regular
2023-07-25T04:15:53.246Z,XBTUSD,Buy,60700,29098.0,ZeroPlusTick,2ee8a86a-a05a-9cbd-c551-26c174848b03,208605262,2.08605262,60700.0,Regular
2023-07-25T04:15:53.246Z,XBTUSD,Buy,5500,29098.0,ZeroPlusTick,b532f810-f17a-b877-3d5f-0aa4d492a22b,18901630,0.1890163,5500.0,Regular
2023-07-25T04:15:53.246Z,XBTUSD,Buy,100,29098.0,ZeroPlusTick,68f4fb61-d3f8-9078-10b7-55aa57d9dff0,343666,0.00343666,100.0,Regular
2023-07-25T04:15:53.246Z,XBTUSD,Buy,9100,29098.0,ZeroPlusTick,77e78c9b-e11a-4c14-e32b-eb6a52d0d615,31273606,0.31273606,9100.0,Regular
2023-07-25T04:15:53.246Z,XBTUSD,Buy,500,29098.0,ZeroPlusTick,ad911691-470d-57ee-33b8-860395856958,1718330,0.0171833,500.0,Regular
2023-07-25T04:15:53.246Z,XBTUSD,Buy,500,29098.0,ZeroPlusTick,27af0e55-e08a-9df4-1bd6-5fd49470f314,1718330,0.0171833,500.0,Regular
2023-07-25T04:15:53.246Z,XBTUSD,Buy,400,29098.0,ZeroPlusTick,0ee178bf-4b47-0914-4007-b3b395d7b86f,1374664,0.01374664,400.0,Regular
2023-07-25T04:15:53.246Z,XBTUSD,Buy,100,29098.0,ZeroPlusTick,8d1ed6b7-4655-cb05-44d2-f7f7ab6493a7,343666,0.00343666,100.0,Regular
2023-07-25T04:15:53.246Z,XBTUSD,Buy,3400,29098.0,ZeroPlusTick,30712bf7-a69a-2aef-f6d6-a743599b6936,11684644,0.11684644,3400.0,Regular
2023-07-25T04:15:53.246Z,XBTUSD,Buy,19900,29098.0,ZeroPlusTick,da1c3b87-cbca-e4c5-5ce9-ccb6724c4d29,68389534,0.68389534,19900.0,Regular
2023-07-25T04:15:53.246Z,XBTUSD,Buy,3300,29098.0,ZeroPlusTick,b84fb3a7-7f4e-b78f-9557-a8401f32fa55,11340978,0.11340978,3300.0,Regular
2023-07-25T04:15:53.251Z,XBTUSD,Buy,3300,29098.0,ZeroPlusTick,0d3c1077-b490-7707-be80-f9421e57578c,11340978,0.11340978,3300.0,Regular
2023-07-25T04:15:53.251Z,XBTUSD,Buy,300,29098.0,ZeroPlusTick,bc9076a5-adba-908c-d0cb-660445c4217d,1030998,0.01030998,300.0,Regular
2023-07-25T04:15:53.251Z,XBTUSD,Buy,72400,29098.0,ZeroPlusTick,8a6b04e5-088d-3975-0960-91a58c9f99ba,248814184,2.48814184,72400.0,Regular
2023-07-25T04:15:53.251Z,XBTUSD,Buy,100,29098.0,ZeroPlusTick,203e26f6-d255-d8be-b04e-725192ce6af3,343666,0.00343666,100.0,Regular
2023-07-25T04:15:53.322Z,XBTUSD,Buy,1800,29098.0,ZeroPlusTick,b3987a7a-bcab-19e3-b03c-577a2b46ca9d,6185988,0.06185988,1800.0,Regular
2023-07-25T04:16:38.589Z,XBTUSD,Sell,2400,29100.5,PlusTick,ad24c92a-04e9-5cf2-52f3-de3f9fb5c59a,8247288,0.08247288,2400.0,Regular
2023-07-25T04:16:38.589Z,XBTUSD,Sell,4800,29100.5,ZeroPlusTick,847ed46e-22d3-420c-5f69-9765ad21d9a1,16494576,0.16494576,4800.0,Regular
2023-07-25T04:16:38.589Z,XBTUSD,Sell,500,29100.5,ZeroPlusTick,01f14fab-8f9f-b30e-e138-0e18237809c6,1718185,0.01718185,500.0,Regular
2023-07-25T04:16:38.589Z,XBTUSD,Sell,21500,29100.5,ZeroPlusTick,8f2c4257-af27-c859-ed4c-4184f6e24e01,73881955,0.73881955,21500.0,Regular
2023-07-25T04:16:38.589Z,XBTUSD,Sell,100,29100.5,ZeroPlusTick,004699b3-561e-7dba-1a12-943275cce767,343637,0.00343637,100.0,Regular
2023-07-25T04:16:38.589Z,XBTUSD,Sell,100,29100.5,ZeroPlusTick,88e747aa-a7c2-bb01-c7bd-c145a6ed232d,343637,0.00343637,100.0,Regular
2023-07-25T04:16:38.589Z,XBTUSD,Sell,400,29100.5,ZeroPlusTick,ffdbb45a-f5ba-4a8d-fca6-84c6194ad7fb,1374548,0.01374548,400.0,Regular
2023-07-25T04:17:11.128Z,XBTUSD,Sell,100,29098.0,MinusTick,409e7c74-0900-65c0-47a4-22fb32c0798d,343666,0.00343666,100.0,Regular
2023-07-25T04:17:11.128Z,XBTUSD,Sell,100,29098.0,ZeroMinusTick,bee84ba4-29e4-91e2-bcc2-26da6a816459,343666,0.00343666,100.0,Regular
2023-07-25T04:17:11.128Z,XBTUSD,Sell,2200,29098.0,ZeroMinusTick,9ca21365-4b9c-3857-1986-fc7ebde88f06,7560652,0.07560652,2200.0,Regular
2023-07-25T04:17:11.128Z,XBTUSD,Sell,17100,29098.0,ZeroMinusTick,e48d4968-2cef-a4d9-b8ec-17bf308b34cb,58766886,0.58766886,17100.0,Regular
2023-07-25T04:17:11.129Z,XBTUSD,Sell,12400,29097.5,MinusTick,2253fabe-5179-bbfc-2526-6d44e22a46ef,42615328,0.42615328,12400.0,Regular
2023-07-25T04:17:15.723Z,XBTUSD,Buy,100,29096.0,MinusTick,582c6d95-f703-abc8-5ed3-6dd276c2e70f,343690,0.0034369,100.0,Regular
2023-07-25T04:18:07.466Z,XBTUSD,Sell,100,29095.5,MinusTick,52693f79-d15e-8586-3de4-f2401a1b240f,343696,0.00343696,100.0,Regular
2023-07-25T04:18:07.466Z,XBTUSD,Sell,2200,29095.5,ZeroMinusTick,d0d2679a-71c8-c94c-36c3-8ae5edfbeaf0,7561312,0.07561312,2200.0,Regular
2023-07-25T04:18:39.392Z,XBTUSD,Sell,2300,29092.5,MinusTick,4e286b82-2ff8-4ebe-c173-8f377a3601a5,7905813,0.07905813,2300.0,Regular
2023-07-25T04:18:52.882Z,XBTUSD,Sell,12900,29092.5,ZeroMinusTick,4187320a-563b-4b81-0634-833d2cf6aa33,44341299,0.44341299,12900.0,Regular
2023-07-25T04:18:52.886Z,XBTUSD,Sell,4800,29092.5,ZeroMinusTick,0e98108b-095a-736f-93c2-9db4aa1843a3,16499088,0.16499088,4800.0,Regular
2023-07-25T04:18:52.886Z,XBTUSD,Sell,2200,29092.0,MinusTick,91665d0c-16ba-3ebe-0b47-67ee8c688f23,7562214,0.07562214,2200.0,Regular
2023-07-25T04:18:52.886Z,XBTUSD,Sell,2200,29091.0,MinusTick,4307238c-a7b3-6a3e-2ed0-8788b7d39412,7562478,0.07562478,2200.0,Regular
2023-07-25T04:18:52.886Z,XBTUSD,Sell,3700,29090.0,MinusTick,5d6cb82b-3685-f378-a382-54648689aeaa,12719157,0.12719157,3700.0,Regular
2023-07-25T04:18:52.891Z,XBTUSD,Sell,4600,29090.0,ZeroMinusTick,f4367e42-6912-b18e-e885-1b3c8e4d9127,15813006,0.15813006,4600.0,Regular
2023-07-25T04:18:52.891Z,XBTUSD,Sell,300,29089.0,MinusTick,273561ec-7d5b-1a9a-a9d3-015af07357d1,1031319,0.01031319,300.0,Regular
2023-07-25T04:18:52.909Z,XBTUSD,Sell,6700,29088.5,MinusTick,cf1c2037-c6ab-44da-c9d9-fce4fd337b26,23033126,0.23033126,6700.0,Regular
2023-07-25T04:18:52.909Z,XBTUSD,Sell,55900,29088.5,ZeroMinusTick,e1a89f79-975a-ec67-92c7-67a48162de98,192171902,1.92171902,55900.0,Regular
2023-07-25T04:18:52.909Z,XBTUSD,Sell,800,29088.5,ZeroMinusTick,2045cbef-0e75-7ee0-5c7b-f27ae6d4e50b,2750224,0.02750224,800.0,Regular
2023-07-25T04:18:52.909Z,XBTUSD,Sell,100,29088.0,MinusTick,c18d48f6-c94c-3d8a-bf1b-f28dc7fa3da6,343784,0.00343784,100.0,Regular
2023-07-25T04:18:52.909Z,XBTUSD,Sell,8800,29088.0,ZeroMinusTick,cecf17cf-4089-353e-139d-8fc8a26dbed5,30252992,0.30252992,8800.0,Regular
2023-07-25T04:18:52.909Z,XBTUSD,Sell,800,29088.0,ZeroMinusTick,c4b910fc-5cc3-22db-c567-228f38818f50,2750272,0.02750272,800.0,Regular
2023-07-25T04:18:53.023Z,XBTUSD,Buy,5000,29088.0,ZeroMinusTick,fcbe1f52-1fa6-1f3b-2498-0adee09073d3,17189200,0.171892,5000.0,Regular
2023-07-25T04:18:53.061Z,XBTUSD,Sell,800,29087.0,MinusTick,315ea5a9-27ed-9a82-0ee0-dc908219e873,2750368,0.02750368,800.0,Regular
2023-07-25T04:18:53.682Z,XBTUSD,Sell,400,29087.0,ZeroMinusTick,320d092d-44d9-92e0-df80-49555c7b9f89,1375184,0.01375184,400.0,Regular
2023-07-25T04:18:53.682Z,XBTUSD,Sell,2200,29087.0,ZeroMinusTick,25d85312-71cb-ad81-adb4-4b8af0fbe931,7563512,0.07563512,2200.0,Regular
2023-07-25T04:18:53.682Z,XBTUSD,Sell,2200,29086.5,MinusTick,9f8c94d6-e2b0-db5e-3f39-de90454e9080,7563644,0.07563644,2200.0,Regular
2023-07-25T04:18:53.682Z,XBTUSD,Sell,5700,29086.5,ZeroMinusTick,4963c80c-4f12-8e06-f56d-7497975f4662,19596714,0.19596714,5700.0,Regular
2023-07-25T04:18:53.714Z,XBTUSD,Sell,1200,29086.5,ZeroMinusTick,04a13b06-2082-771e-3996-53728dab3aa5,4125624,0.04125624,1200.0,Regular
2023-07-25T04:18:53.714Z,XBTUSD,Sell,800,29085.0,MinusTick,525347a5-bea4-5317-4286-479edf2d47e8,2750560,0.0275056,800.0,Regular
2023-07-25T04:18:53.714Z,XBTUSD,Sell,5000,29085.0,ZeroMinusTick,9074678e-99d9-46db-d3f5-0aa0b3bfcbbf,17191000,0.17191,5000.0,Regular
2023-07-25T04:18:53.714Z,XBTUSD,Sell,800,29084.5,MinusTick,741d8a34-e720-cb98-477a-e6f839a986cc,2750608,0.02750608,800.0,Regular
2023-07-25T04:18:53.714Z,XBTUSD,Sell,100,29083.5,MinusTick,65995dcf-0abc-84d0-41a9-1d3bf5dd8504,343838,0.00343838,100.0,Regular
2023-07-25T04:18:53.714Z,XBTUSD,Sell,300,29083.0,MinusTick,0c89e6cb-b658-e203-84a2-b72a9df94077,1031529,0.01031529,300.0,Regular
2023-07-25T04:18:53.714Z,XBTUSD,Sell,8800,29083.0,ZeroMinusTick,b21b5801-2f98-5d50-4b70-e7463cc31432,30258184,0.30258184,8800.0,Regular
2023-07-25T04:18:53.714Z,XBTUSD,Sell,6500,29083.0,ZeroMinusTick,978933f2-cf7e-2a23-7a60-da94f4a440c1,22349795,0.22349795,6500.0,Regular
2023-07-25T04:18:53.735Z,XBTUSD,Sell,5900,29083.0,ZeroMinusTick,ac1ee832-85b4-2894-fccf-1f6154184a99,20286737,0.20286737,5900.0,Regular
2023-07-25T04:19:02.455Z,XBTUSD,Buy,300,29082.0,MinusTick,fc62f44c-98e1-11f1-af2a-619ba66ec5d2,1031565,0.01031565,300.0,Regular
2023-07-25T04:19:02.455Z,XBTUSD,Buy,17500,29082.0,ZeroMinusTick,9903739a-3414-1080-3d89-b0dd9c966d35,60174625,0.60174625,17500.0,Regular
2023-07-25T04:19:02.455Z,XBTUSD,Buy,27500,29082.0,ZeroMinusTick,71dec3b6-ad92-1ec4-2861-66b7c9747707,94560125,0.94560125,27500.0,Regular
2023-07-25T04:19:02.455Z,XBTUSD,Buy,17100,29082.0,ZeroMinusTick,7f8f4467-c3b1-1a9f-5906-ea1ba382ba6c,58799205,0.58799205,17100.0,Regular
2023-07-25T04:19:02.536Z,XBTUSD,Buy,100,29085.0,PlusTick,2603abd6-4f86-4e74-8d93-160df3cea2ff,343820,0.0034382,100.0,Regular
2023-07-25T04:19:02.536Z,XBTUSD,Buy,2400,29086.0,PlusTick,7646d300-b781-bf96-8aa6-ce44c0ea876d,8251392,0.08251392,2400.0,Regular
2023-07-25T04:19:02.536Z,XBTUSD,Buy,33700,29086.0,ZeroPlusTick,bd092f03-8af9-10fc-ccb9-5b64491c83e7,115863296,1.15863296,33700.0,Regular
2023-07-25T04:19:05.870Z,XBTUSD,Sell,1200,29087.5,PlusTick,acde155e-b9af-357b-f8bc-cf8dc30d67df,4125480,0.0412548,1200.0,Regular
2023-07-25T04:19:05.870Z,XBTUSD,Sell,10900,29087.5,ZeroPlusTick,d7d23de1-f7b0-0a30-1811-29d31b18eac6,37473110,0.3747311,10900.0,Regular
2023-07-25T04:19:09.725Z,XBTUSD,Buy,6700,29088.0,PlusTick,003b7d86-977b-14c8-64f9-119c3169d603,23033528,0.23033528,6700.0,Regular
2023-07-25T04:19:09.725Z,XBTUSD,Buy,100,29088.0,ZeroPlusTick,cf89d04a-94c7-7ab1-19fc-3d95a0d422ea,343784,0.00343784,100.0,Regular
2023-07-25T04:19:09.725Z,XBTUSD,Buy,62400,29088.0,ZeroPlusTick,3d77217c-762b-9cfd-a0f9-010befcd79a2,214521216,2.14521216,62400.0,Regular
2023-07-25T04:19:49.958Z,XBTUSD,Buy,8700,29088.0,ZeroPlusTick,210d9f59-3766-2da7-cbfe-0314823d8943,29909208,0.29909208,8700.0,Regular
2023-07-25T04:20:47.806Z,XBTUSD,Sell,100,29087.5,MinusTick,bc396a04-fcb3-13b0-9b36-48eadfa3dafa,343790,0.0034379,100.0,Regular
2023-07-25T04:20:47.806Z,XBTUSD,Sell,100,29087.5,ZeroMinusTick,af3e9207-b29d-64c8-d704-49758078fb9b,343790,0.0034379,100.0,Regular
2023-07-25T04:20:47.806Z,XBTUSD,Sell,2900,29087.5,ZeroMinusTick,54a91c6c-5803-796f-024a-9d058bad47dc,9969910,0.0996991,2900.0,Regular
2023-07-25T04:21:07.614Z,XBTUSD,Sell,4000,29087.5,ZeroMinusTick,5a91d353-bb48-d0a0-5c04-9924ba98786d,13751600,0.137516,4000.0,Regular
2023-07-25T04:21:07.614Z,XBTUSD,Sell,1000,29087.5,ZeroMinusTick,5297dd7a-92df-65f2-2ff3-bb8017166f85,3437900,0.034379,1000.0,Regular
2023-07-25T04:21:07.614Z,XBTUSD,Sell,100,29087.5,ZeroMinusTick,fb732573-81e6-7255-2a6e-b66c6f28d926,343790,0.0034379,100.0,Regular
2023-07-25T04:21:07.614Z,XBTUSD,Sell,4900,29087.5,ZeroMinusTick,f21a543c-bba2-5e14-d603-965c92e30365,16845710,0.1684571,4900.0,Regular
2023-07-25T04:21:07.614Z,XBTUSD,Sell,55500,29087.5,ZeroMinusTick,ad0a7552-91e2-f8da-3e76-3b7e9a25b871,190803450,1.9080345,55500.0,Regular
2023-07-25T04:21:13.339Z,XBTUSD,Sell,800,29087.0,MinusTick,c6731395-838f-4f5e-bcca-7f722aea4a9b,2750368,0.02750368,800.0,Regular
2023-07-25T04:21:13.339Z,XBTUSD,Sell,800,29086.5,MinusTick,cee0f091-b0d4-0933-bed4-0451caa96e97,2750416,0.02750416,800.0,Regular
2023-07-25T04:21:13.339Z,XBTUSD,Sell,100,29084.5,MinusTick,8e85d129-02bf-250c-4e61-c4e2d6f03d49,343826,0.00343826,100.0,Regular
2023-07-25T04:21:13.339Z,XBTUSD,Sell,300,29082.0,MinusTick,99e1f0d9-f597-c08c-86b8-b0359c779654,1031565,0.01031565,300.0,Regular
2023-07-25T04:21:13.339Z,XBTUSD,Sell,300,29081.5,MinusTick,6e3bcf2f-3ac7-9e3b-722e-c66e58e6d7f0,1031583,0.01031583,300.0,Regular
2023-07-25T04:21:13.339Z,XBTUSD,Sell,10700,29081.5,ZeroMinusTick,4118abf6-9499-fee3-e97c-53eefee8a7f0,36793127,0.36793127,10700.0,Regular
2023-07-25T04:21:25.752Z,XBTUSD,Sell,28000,29081.5,ZeroMinusTick,57ccf87b-8ae7-a7a9-3f4f-6dcb483d681f,96281080,0.9628108,28000.0,Regular
2023-07-25T04:21:28.094Z,XBTUSD,Sell,5500,29081.5,ZeroMinusTick,b19c577b-018d-caf5-5981-6db58ae85b44,18912355,0.18912355,5500.0,Regular
2023-07-25T04:21:28.094Z,XBTUSD,Sell,800,29081.5,ZeroMinusTick,a68aab9f-bef7-b2d3-7485-134e4bb0362d,2750888,0.02750888,800.0,Regular
2023-07-25T04:21:28.094Z,XBTUSD,Sell,19600,29081.5,ZeroMinusTick,17be3117-9be1-9a2c-a516-3ff8876fff5a,67396756,0.67396756,19600.0,Regular
2023-07-25T04:21:28.094Z,XBTUSD,Sell,4100,29081.5,ZeroMinusTick,68caa04e-21cf-f572-e7f7-d72213db087b,14098301,0.14098301,4100.0,Regular
2023-07-25T04:21:36.373Z,XBTUSD,Buy,100,29082.0,PlusTick,309cd5e8-39f5-17c2-b562-c60eea99b3dc,343855,0.00343855,100.0,Regular
2023-07-25T04:22:13.050Z,XBTUSD,Buy,1000,29082.0,ZeroPlusTick,2b2de5c1-010d-8f82-b862-076a122d85b6,3438550,0.0343855,1000.0,Regular
2023-07-25T04:24:53.376Z,XBTUSD,Sell,3900,29081.5,MinusTick,2c126d19-0fd7-33dd-ad53-427821afd9ef,13410579,0.13410579,3900.0,Regular
2023-07-25T04:24:53.922Z,XBTUSD,Sell,7800,29081.5,ZeroMinusTick,622bfcca-4889-9022-6aa2-919fd4e2f815,26821158,0.26821158,7800.0,Regular
2023-07-25T04:24:53.922Z,XBTUSD,Sell,1000,29081.5,ZeroMinusTick,db06bbdc-bd44-17c5-f22a-f24281aa7004,3438610,0.0343861,1000.0,Regular
2023-07-25T04:24:53.922Z,XBTUSD,Sell,100,29081.5,ZeroMinusTick,1b9ab4f7-44b9-54db-93a7-2ec1d2c29797,343861,0.00343861,100.0,Regular
2023-07-25T04:24:53.922Z,XBTUSD,Sell,1000,29081.5,ZeroMinusTick,a67be889-623d-ab65-961c-ee30bc03f82a,3438610,0.0343861,1000.0,Regular
2023-07-25T04:24:53.922Z,XBTUSD,Sell,100,29080.0,MinusTick,9a9a523b-266d-df8c-56aa-ed58dadcac18,343879,0.00343879,100.0,Regular
2023-07-25T04:24:53.922Z,XBTUSD,Sell,6000,29080.0,ZeroMinusTick,e8ceb610-2855-9148-54c5-e65ca3b945a3,20632740,0.2063274,6000.0,Regular
2023-07-25T04:24:53.922Z,XBTUSD,Sell,2200,29080.0,ZeroMinusTick,22cbb4fb-9cf9-edd8-8ae0-31d7ae2b774d,7565338,0.07565338,2200.0,Regular
2023-07-25T04:26:51.317Z,XBTUSD,Sell,1000,29076.5,MinusTick,69a63329-f0be-8c19-b478-aa51b124232d,3439200,0.034392,1000.0,Regular
2023-07-25T04:26:51.317Z,XBTUSD,Sell,200,29076.5,ZeroMinusTick,77fe6c61-4319-c2ce-d47c-8624300198cf,687840,0.0068784,200.0,Regular
2023-07-25T04:26:51.317Z,XBTUSD,Sell,600,29076.5,ZeroMinusTick,49a1f2b9-235d-5cd9-3cd9-a04f54643d23,2063520,0.0206352,600.0,Regular
2023-07-25T04:26:51.317Z,XBTUSD,Sell,5000,29076.5,ZeroMinusTick,ea8df0f0-ae70-50e6-5af1-b9fe1227cc0b,17196000,0.17196,5000.0,Regular
2023-07-25T04:26:51.317Z,XBTUSD,Sell,2500,29076.5,ZeroMinusTick,ea635d26-db3f-cd12-e1f1-b91bd92d7c79,8598000,0.08598,2500.0,Regular
2023-07-25T04:26:51.317Z,XBTUSD,Sell,7000,29076.5,ZeroMinusTick,3fec7fa3-471a-9ec3-13e1-0878278fa129,24074400,0.240744,7000.0,Regular
2023-07-25T04:26:51.317Z,XBTUSD,Sell,3300,29076.5,ZeroMinusTick,01a4bfe6-a1ad-d22b-5b75-4c9b20bee48a,11349360,0.1134936,3300.0,Regular
2023-07-25T04:26:51.317Z,XBTUSD,Sell,1000,29076.5,ZeroMinusTick,3b4a1e8f-a888-a7e1-e3b8-3ace78fe14b5,3439200,0.034392,1000.0,Regular
2023-07-25T04:26:51.317Z,XBTUSD,Sell,25100,29076.5,ZeroMinusTick,478889f9-1446-56cf-ae83-09f79fcda6d7,86323920,0.8632392,25100.0,Regular
2023-07-25T04:26:51.320Z,XBTUSD,Sell,8800,29076.5,ZeroMinusTick,e6193b8a-071a-8016-4d13-7a88361dbba6,30264960,0.3026496,8800.0,Regular
2023-07-25T04:26:51.320Z,XBTUSD,Sell,100,29076.5,ZeroMinusTick,2deaafdf-1584-d48c-e144-228197306366,343920,0.0034392,100.0,Regular
2023-07-25T04:26:51.320Z,XBTUSD,Sell,1000,29076.0,MinusTick,1b8c73f7-c837-ec67-fb44-62ebc23fd1e5,3439260,0.0343926,1000.0,Regular
2023-07-25T04:27:02.846Z,XBTUSD,Sell,1000,29075.0,MinusTick,c6c97d4e-724c-32f3-0b47-c80b6f4a38de,3439380,0.0343938,1000.0,Regular
2023-07-25T04:27:02.846Z,XBTUSD,Sell,2500,29075.0,ZeroMinusTick,33b09dab-6116-bf30-b5b4-26cfb5fc1572,8598450,0.0859845,2500.0,Regular
2023-07-25T04:27:02.846Z,XBTUSD,Sell,100,29074.5,MinusTick,31a8770f-b83a-2a88-b2d7-f381c0237a49,343944,0.00343944,100.0,Regular
2023-07-25T04:27:02.846Z,XBTUSD,Sell,1000,29074.5,ZeroMinusTick,3ee7580c-3141-8bb9-d304-f950d845cbae,3439440,0.0343944,1000.0,Regular
2023-07-25T04:27:02.846Z,XBTUSD,Sell,2200,29074.5,ZeroMinusTick,d3e4f00e-1e47-0a83-39ac-8767587b4ab0,7566768,0.07566768,2200.0,Regular
2023-07-25T04:27:02.846Z,XBTUSD,Sell,1000,29074.0,MinusTick,cdcac028-f08f-321a-b3d2-7ff578f1dd2f,3439500,0.034395,1000.0,Regular
2023-07-25T04:27:02.846Z,XBTUSD,Sell,1000,29073.0,MinusTick,5e7f217c-b2c3-8994-9bf6-36422fa8f0db,3439620,0.0343962,1000.0,Regular
2023-07-25T04:27:02.846Z,XBTUSD,Sell,6700,29072.5,MinusTick,6bacc95a-a151-82c8-abb7-8890db3de338,23045856,0.23045856,6700.0,Regular
2023-07-25T04:27:02.846Z,XBTUSD,Sell,300,29072.0,MinusTick,e268a356-9da3-f258-de2b-21cc5096b57b,1031922,0.01031922,300.0,Regular
2023-07-25T04:27:02.846Z,XBTUSD,Sell,800,29072.0,ZeroMinusTick,0ce56300-0805-641e-6901-3cb73228c0f8,2751792,0.02751792,800.0,Regular
2023-07-25T04:27:02.846Z,XBTUSD,Sell,300,29071.5,MinusTick,033c1c6e-fa9d-ce75-9bca-9b6fd3dd0739,1031937,0.01031937,300.0,Regular
2023-07-25T04:27:02.846Z,XBTUSD,Sell,800,29071.5,ZeroMinusTick,953bd492-7d99-1f99-6d35-8a9038aafa3e,2751832,0.02751832,800.0,Regular
2023-07-25T04:27:02.846Z,XBTUSD,Sell,8200,29071.5,ZeroMinusTick,2c9013c6-8044-5111-998f-f519a0c8427f,28206278,0.28206278,8200.0,Regular
2023-07-25T04:27:02.851Z,XBTUSD,Sell,8900,29071.5,ZeroMinusTick,156c059b-cb86-36dd-1fbf-9872b55821fd,30614131,0.30614131,8900.0,Regular
2023-07-25T04:27:02.860Z,XBTUSD,Sell,300,29071.0,MinusTick,1ef4c0df-9eb9-fe54-6c78-663abb5cc883,1031955,0.01031955,300.0,Regular
2023-07-25T04:27:02.860Z,XBTUSD,Sell,400,29071.0,ZeroMinusTick,833df9ad-6824-77b5-65e1-f2bf8f179f40,1375940,0.0137594,400.0,Regular
2023-07-25T04:27:02.871Z,XBTUSD,Sell,600,29071.0,ZeroMinusTick,55ebecb8-a1f9-34a6-f248-a4d3303c056c,2063910,0.0206391,600.0,Regular
2023-07-25T04:27:02.871Z,XBTUSD,Sell,55900,29071.0,ZeroMinusTick,09037095-5879-df87-55fc-c37ee339a0fa,192287615,1.92287615,55900.0,Regular
2023-07-25T04:27:02.871Z,XBTUSD,Sell,5000,29071.0,ZeroMinusTick,3e6e2113-4677-eaf5-2788-c487f2561c7a,17199250,0.1719925,5000.0,Regular
2023-07-25T04:27:02.877Z,XBTUSD,Sell,9600,29070.5,MinusTick,fa8957a3-2d82-9044-f521-347b51be01ef,33023136,0.33023136,9600.0,Regular
2023-07-25T04:27:02.877Z,XBTUSD,Sell,300,29070.5,ZeroMinusTick,a3a8e8dc-3579-faa1-e18c-278c9aad5ec7,1031973,0.01031973,300.0,Regular
2023-07-25T04:27:02.879Z,XBTUSD,Sell,18400,29068.5,MinusTick,f12a2687-5958-6bf0-9bfd-1f18b3ba56dc,63298760,0.6329876,18400.0,Regular
2023-07-25T04:27:02.893Z,XBTUSD,Sell,8800,29068.0,MinusTick,821abdda-c2f1-6d93-e79f-194396646be8,30273848,0.30273848,8800.0,Regular
2023-07-25T04:27:02.893Z,XBTUSD,Sell,12400,29068.0,ZeroMinusTick,cb9ebca9-103d-37e1-9da0-4eafd52f0946,42658604,0.42658604,12400.0,Regular
2023-07-25T04:27:02.893Z,XBTUSD,Sell,100,29068.0,ZeroMinusTick,ad5c952c-3351-9f40-646b-5d0a8dfd99b4,344021,0.00344021,100.0,Regular
2023-07-25T04:27:02.893Z,XBTUSD,Sell,10000,29067.5,MinusTick,8ee79928-0376-a11c-89f2-f06439619676,34402700,0.344027,10000.0,Regular
2023-07-25T04:27:02.893Z,XBTUSD,Sell,100,29067.0,MinusTick,6d3a763c-c42a-4b6f-4c05-def77f7bd5c8,344033,0.00344033,100.0,Regular
2023-07-25T04:27:02.893Z,XBTUSD,Sell,17400,29067.0,ZeroMinusTick,24532fbb-2bf5-91a7-4576-10b4e6161639,59861742,0.59861742,17400.0,Regular
2023-07-25T04:27:19.462Z,XBTUSD,Buy,100,29068.5,PlusTick,7ef8cbf3-7646-55b3-208d-63e75aedc4fc,344015,0.00344015,100.0,Regular
2023-07-25T04:27:27.865Z,XBTUSD,Sell,200,29068.0,MinusTick,418bfcb1-904d-9bd2-3fc3-f9f5fd52ee69,688042,0.00688042,200.0,Regular
2023-07-25T04:27:27.865Z,XBTUSD,Sell,800,29068.0,ZeroMinusTick,b0525fdd-cb0d-b877-26e8-5817a9f3a156,2752168,0.02752168,800.0,Regular
2023-07-25T04:27:27.865Z,XBTUSD,Sell,6000,29068.0,ZeroMinusTick,929a3425-8c7c-32b3-345e-7eb475cac34c,20641260,0.2064126,6000.0,Regular
2023-07-25T04:27:51.334Z,XBTUSD,Sell,1000,29068.0,ZeroMinusTick,89218e03-1921-6cb9-0637-4dcff7de2dbf,3440210,0.0344021,1000.0,Regular
2023-07-25T04:27:56.882Z,XBTUSD,Sell,100,29067.0,MinusTick,f21172b4-72e1-4458-8da4-aed9fb37285a,344033,0.00344033,100.0,Regular
2023-07-25T04:27:56.882Z,XBTUSD,Sell,10500,29067.0,ZeroMinusTick,a24d33f5-009e-c674-5275-87cf05413e50,36123465,0.36123465,10500.0,Regular
2023-07-25T04:27:56.882Z,XBTUSD,Sell,3900,29067.0,ZeroMinusTick,c9cf7f3e-abf6-5b3f-8110-944f10b27107,13417287,0.13417287,3900.0,Regular
2023-07-25T04:28:43.726Z,XBTUSD,Sell,100,29067.0,ZeroMinusTick,8b916d4e-e1bf-3f8d-49a4-148b8381e19a,344033,0.00344033,100.0,Regular
2023-07-25T04:29:52.332Z,XBTUSD,Buy,100,29065.5,MinusTick,6c589a95-0762-1b20-79a4-77afbc96ebf9,344051,0.00344051,100.0,Regular
2023-07-25T04:29:52.332Z,XBTUSD,Buy,4100,29065.5,ZeroMinusTick,ecaf5d14-26ab-2037-3110-9da752a47d2e,14106091,0.14106091,4100.0,Regular
2023-07-25T04:29:52.332Z,XBTUSD,Buy,12000,29065.5,ZeroMinusTick,12cad2bf-c13e-5be7-d099-87803c02e129,41286120,0.4128612,12000.0,Regular
2023-07-25T04:29:52.332Z,XBTUSD,Buy,2900,29065.5,ZeroMinusTick,ff44ca05-4d4a-7a17-0359-4e4458b73cf1,9977479,0.09977479,2900.0,Regular
2023-07-25T04:29:52.332Z,XBTUSD,Buy,90300,29065.5,ZeroMinusTick,f27323d8-fb99-6fde-48e0-7325caf0a589,310678053,3.10678053,90300.0,Regular
2023-07-25T04:29:52.418Z,XBTUSD,Sell,5000,29065.0,MinusTick,a1990583-5733-7bd1-62ff-5b65b9a87e38,17202800,0.172028,5000.0,Regular
2023-07-25T04:30:02.237Z,XBTUSD,Buy,100,29065.5,PlusTick,20737c9f-99e4-bd4b-6e65-7cba29059567,344051,0.00344051,100.0,Regular
2023-07-25T04:30:08.194Z,XBTUSD,Buy,500,29065.5,ZeroPlusTick,d917e34f-35dd-c697-1ca5-46cd817d53e7,1720255,0.01720255,500.0,Regular
2023-07-25T04:30:14.731Z,XBTUSD,Buy,77600,29065.5,ZeroPlusTick,c235f536-6618-359b-a492-bd97f3b112e4,266983576,2.66983576,77600.0,Regular
2023-07-25T04:30:14.731Z,XBTUSD,Buy,900,29065.5,ZeroPlusTick,3636fa00-c0e5-3287-e35a-0f940ab86a76,3096459,0.03096459,900.0,Regular
2023-07-25T04:30:14.731Z,XBTUSD,Buy,100,29065.5,ZeroPlusTick,1658ff84-6cbd-633f-f1d1-a1fa56b5ca7f,344051,0.00344051,100.0,Regular
2023-07-25T04:30:14.731Z,XBTUSD,Buy,700,29065.5,ZeroPlusTick,89683b97-9e52-497f-1622-409a91c10d8c,2408357,0.02408357,700.0,Regular
2023-07-25T04:30:14.731Z,XBTUSD,Buy,9600,29065.5,ZeroPlusTick,ac2c5818-ea32-19cb-65f1-fc6a8b1bed13,33028896,0.33028896,9600.0,Regular
2023-07-25T04:30:14.731Z,XBTUSD,Buy,1900,29065.5,ZeroPlusTick,bddf8fb8-a0a0-e42d-732f-a07a0e728365,6536969,0.06536969,1900.0,Regular
2023-07-25T04:30:14.731Z,XBTUSD,Buy,200,29065.5,ZeroPlusTick,6885e797-d33f-0277-94c8-8245c73774e5,688102,0.00688102,200.0,Regular
2023-07-25T04:30:14.731Z,XBTUSD,Buy,9100,29065.5,ZeroPlusTick,470fc983-823f-e09e-d268-3774113f2ef4,31308641,0.31308641,9100.0,Regular
2023-07-25T04:30:14.731Z,XBTUSD,Buy,100,29065.5,ZeroPlusTick,1a786c48-72b5-0afe-9c00-f4fa960a61bd,344051,0.00344051,100.0,Regular
2023-07-25T04:30:14.731Z,XBTUSD,Buy,3000,29065.5,ZeroPlusTick,0b5359ca-58f8-5579-4ec2-0206955044db,10321530,0.1032153,3000.0,Regular
2023-07-25T04:30:14.731Z,XBTUSD,Buy,700,29065.5,ZeroPlusTick,ee214732-82c4-cf0a-f1fd-44fb4877fc54,2408357,0.02408357,700.0,Regular
2023-07-25T04:30:14.731Z,XBTUSD,Buy,1000,29065.5,ZeroPlusTick,3f3c1929-732e-321b-7c06-b15e82fbf075,3440510,0.0344051,1000.0,Regular
2023-07-25T04:30:14.731Z,XBTUSD,Buy,7600,29065.5,ZeroPlusTick,6726da94-446f-f1ef-cc67-d04d4f56aa71,26147876,0.26147876,7600.0,Regular
2023-07-25T04:30:14.924Z,XBTUSD,Buy,14900,29065.5,ZeroPlusTick,36cfd21a-aec5-d73f-4993-502e1b33d322,51263599,0.51263599,14900.0,Regular
2023-07-25T04:30:14.924Z,XBTUSD,Buy,200,29065.5,ZeroPlusTick,e482ab12-494d-c8eb-c340-8f3f2aa4a806,688102,0.00688102,200.0,Regular
2023-07-25T04:30:14.924Z,XBTUSD,Buy,8700,29066.0,PlusTick,e9dac35e-e64b-bc91-00d8-90bbd8944540,29931915,0.29931915,8700.0,Regular
2023-07-25T04:30:15.860Z,XBTUSD,Buy,800,29067.0,PlusTick,0a3bf2e9-5330-1685-27dc-fe7975834134,2752264,0.02752264,800.0,Regular
2023-07-25T04:30:15.896Z,XBTUSD,Buy,800,29067.0,ZeroPlusTick,d8f017aa-0674-631d-0628-8e1dbe45d20f,2752264,0.02752264,800.0,Regular
2023-07-25T04:30:15.952Z,XBTUSD,Buy,800,29067.0,ZeroPlusTick,c487cf55-b538-7ff5-da5b-7e51b35f2ad7,2752264,0.02752264,800.0,Regular
2023-07-25T04:30:16.001Z,XBTUSD,Buy,800,29067.0,ZeroPlusTick,f33ae4a2-d2f2-8346-d05d-9ef7b1739497,2752264,0.02752264,800.0,Regular
2023-07-25T04:30:16.128Z,XBTUSD,Buy,800,29067.0,ZeroPlusTick,933dc380-aa9e-20b5-0922-c2926444beb7,2752264,0.02752264,800.0,Regular
2023-07-25T04:30:16.444Z,XBTUSD,Buy,6000,29067.0,ZeroPlusTick,b0564117-674a-b232-ff81-20f81f6eb8e1,20641980,0.2064198,6000.0,Regular
2023-07-25T04:30:16.444Z,XBTUSD,Buy,800,29067.0,ZeroPlusTick,64076fa0-7fc5-dbbc-b773-53006e69943c,2752264,0.02752264,800.0,Regular
2023-07-25T04:30:16.444Z,XBTUSD,Buy,200,29067.0,ZeroPlusTick,2826e318-75f9-4707-0afd-29faa313ebae,688066,0.00688066,200.0,Regular
2023-07-25T04:30:16.444Z,XBTUSD,Buy,200,29067.0,ZeroPlusTick,70fa807b-64e8-2c0a-083c-b7315432cc59,688066,0.00688066,200.0,Regular
2023-07-25T04:30:16.444Z,XBTUSD,Buy,15300,29067.0,ZeroPlusTick,bdc2b7b0-e296-b69d-1c28-5573315ad476,52637049,0.52637049,15300.0,Regular
2023-07-25T04:30:16.568Z,XBTUSD,Buy,100,29067.0,ZeroPlusTick,922fc38b-bdf5-bf78-2086-2e457eedfb83,344033,0.00344033,100.0,Regular
2023-07-25T04:30:21.299Z,XBTUSD,Buy,2400,29067.0,ZeroPlusTick,3a660f49-6702-41a5-4406-df80e98dafa8,8256792,0.08256792,2400.0,Regular
2023-07-25T04:30:21.299Z,XBTUSD,Buy,2200,29067.0,ZeroPlusTick,881079e8-7a81-c8c8-aad6-2b5dafb4e6d7,7568726,0.07568726,2200.0,Regular
2023-07-25T04:30:24.326Z,XBTUSD,Sell,600,29070.0,PlusTick,192540f0-cb90-6cb7-a0cb-d282c4899a2f,2063982,0.02063982,600.0,Regular
2023-07-25T04:30:29.477Z,XBTUSD,Buy,100,29070.5,PlusTick,29a29d50-c50b-2788-1ab8-78f55ba7057b,343991,0.00343991,100.0,Regular
2023-07-25T04:30:30.062Z,XBTUSD,Buy,100,29070.5,ZeroPlusTick,ebe7c997-8c01-ac9d-7303-2bc15d8694c3,343991,0.00343991,100.0,Regular
2023-07-25T04:30:32.674Z,XBTUSD,Buy,100,29070.5,ZeroPlusTick,d7e6cb84-6ffe-5d02-161c-0e93c2101332,343991,0.00343991,100.0,Regular
2023-07-25T04:30:35.072Z,XBTUSD,Buy,100,29070.5,ZeroPlusTick,77d2eb4a-f587-bb1d-5eb4-f68bb736abd8,343991,0.00343991,100.0,Regular
2023-07-25T04:30:45.062Z,XBTUSD,Buy,100,29070.5,ZeroPlusTick,c0deb0bf-a31c-b3b4-1ec2-8c393de55bc0,343991,0.00343991,100.0,Regular
2023-07-25T04:31:02.200Z,XBTUSD,Buy,100,29070.5,ZeroPlusTick,cd8309e9-a355-1bec-2379-878a75848f46,343991,0.00343991,100.0,Regular
2023-07-25T04:31:03.306Z,XBTUSD,Buy,100,29070.5,ZeroPlusTick,2ca70c88-e65c-84fa-ca19-e24ca4640336,343991,0.00343991,100.0,Regular
2023-07-25T04:31:03.306Z,XBTUSD,Buy,100,29070.5,ZeroPlusTick,55529a02-3414-a2cf-dd9e-e94a9c18b13e,343991,0.00343991,100.0,Regular
2023-07-25T04:31:03.306Z,XBTUSD,Buy,600,29070.5,ZeroPlusTick,6284db70-6231-309d-fc5e-59b850a42c05,2063946,0.02063946,600.0,Regular
2023-07-25T04:31:03.306Z,XBTUSD,Buy,300,29070.5,ZeroPlusTick,16530a47-0128-05c6-22dd-1f309c716b9c,1031973,0.01031973,300.0,Regular
2023-07-25T04:31:03.306Z,XBTUSD,Buy,500,29070.5,ZeroPlusTick,7c650873-f4bd-8406-1f30-082ddcb7f5fb,1719955,0.01719955,500.0,Regular
2023-07-25T04:31:03.306Z,XBTUSD,Buy,100,29070.5,ZeroPlusTick,f7a9e340-afd9-3cdb-5e0f-36d02abdd141,343991,0.00343991,100.0,Regular
2023-07-25T04:31:03.306Z,XBTUSD,Buy,200,29070.5,ZeroPlusTick,589d2d04-746f-962b-77b7-e142ccfddf16,687982,0.00687982,200.0,Regular
2023-07-25T04:31:03.306Z,XBTUSD,Buy,100,29070.5,ZeroPlusTick,234a31f7-a502-ffff-ed05-07fbcaa84776,343991,0.00343991,100.0,Regular
2023-07-25T04:31:03.306Z,XBTUSD,Buy,200,29070.5,ZeroPlusTick,c0fcba00-5baa-032f-db63-a4f83a45c855,687982,0.00687982,200.0,Regular
2023-07-25T04:31:03.306Z,XBTUSD,Buy,100,29070.5,ZeroPlusTick,8d994a3b-139d-be21-1c72-60d8e47b68d2,343991,0.00343991,100.0,Regular
2023-07-25T04:31:03.306Z,XBTUSD,Buy,3600,29070.5,ZeroPlusTick,972eb646-37fb-57d7-fb97-926a6f655b4f,12383676,0.12383676,3600.0,Regular
2023-07-25T04:31:25.077Z,XBTUSD,Buy,100,29070.5,ZeroPlusTick,f0da4103-2727-e50a-5222-c349613020f7,343991,0.00343991,100.0,Regular
2023-07-25T04:31:35.076Z,XBTUSD,Buy,100,29070.5,ZeroPlusTick,f24cb726-5a4c-2ee5-428d-b4f598451b88,343991,0.00343991,100.0,Regular
2023-07-25T04:31:55.695Z,XBTUSD,Buy,6000,29070.5,ZeroPlusTick,6d0f3212-a9bf-ca03-0c1f-1e38643071e6,20639460,0.2063946,6000.0,Regular
2023-07-25T04:32:02.182Z,XBTUSD,Buy,100,29070.5,ZeroPlusTick,b975b083-e691-b96b-359c-2a89a276fe1e,343991,0.00343991,100.0,Regular
2023-07-25T04:32:15.070Z,XBTUSD,Buy,100,29070.5,ZeroPlusTick,c37bfb9c-f60b-37ec-de22-1c2ba99cbcf3,343991,0.00343991,100.0,Regular
2023-07-25T04:32:25.083Z,XBTUSD,Buy,100,29070.5,ZeroPlusTick,547d4c4b-8864-342b-ecbc-ce225caddd3e,343991,0.00343991,100.0,Regular
2023-07-25T04:32:30.055Z,XBTUSD,Buy,100,29070.5,ZeroPlusTick,df32446f-f205-00f6-9915-c3247297c04e,343991,0.00343991,100.0,Regular
2023-07-25T04:32:35.058Z,XBTUSD,Buy,100,29070.5,ZeroPlusTick,8a59de54-15d4-be08-271d-cea570006ce6,343991,0.00343991,100.0,Regular
2023-07-25T04:32:45.070Z,XBTUSD,Buy,100,29070.5,ZeroPlusTick,dc42ae6b-590f-fc82-2d34-1ab647a08d9a,343991,0.00343991,100.0,Regular
2023-07-25T04:32:49.654Z,XBTUSD,Buy,3200,29070.5,ZeroPlusTick,0c89f561-4a49-408a-c448-82eb61694e06,11007712,0.11007712,3200.0,Regular
2023-07-25T04:32:49.654Z,XBTUSD,Buy,100,29070.5,ZeroPlusTick,4c88d8fa-b17c-2666-bf82-16d3ef37a52d,343991,0.00343991,100.0,Regular
2023-07-25T04:32:49.654Z,XBTUSD,Buy,300,29070.5,ZeroPlusTick,99f8c0ff-2c95-7fff-07ea-5bcb28357328,1031973,0.01031973,300.0,Regular
2023-07-25T04:32:49.654Z,XBTUSD,Buy,900,29070.5,ZeroPlusTick,c7cce2b9-c976-8374-0e4d-96e200093f91,3095919,0.03095919,900.0,Regular
2023-07-25T04:32:49.654Z,XBTUSD,Buy,1200,29070.5,ZeroPlusTick,2ae5a882-981b-d768-716e-e339e4703fa9,4127892,0.04127892,1200.0,Regular
2023-07-25T04:32:49.654Z,XBTUSD,Buy,100,29070.5,ZeroPlusTick,95bd7efb-911b-2666-6277-74d332223334,343991,0.00343991,100.0,Regular
2023-07-25T04:32:49.654Z,XBTUSD,Buy,100,29070.5,ZeroPlusTick,6a7c3390-84e6-5df2-6b43-7c09c092942c,343991,0.00343991,100.0,Regular
2023-07-25T04:32:49.654Z,XBTUSD,Buy,800,29070.5,ZeroPlusTick,846e0e8e-8ec9-e33c-baee-3df97bad5dac,2751928,0.02751928,800.0,Regular
2023-07-25T04:33:18.510Z,XBTUSD,Buy,100,29071.0,PlusTick,eacf1603-1433-ecc7-5ba7-89c1773cf7e1,343985,0.00343985,100.0,Regular
2023-07-25T04:33:18.510Z,XBTUSD,Buy,200,29071.0,ZeroPlusTick,279d7b0b-cbd6-eb64-99cc-dd9ace00920d,687970,0.0068797,200.0,Regular
2023-07-25T04:33:18.510Z,XBTUSD,Buy,1500,29071.0,ZeroPlusTick,92cc3e08-d8d9-1649-af5b-ac5e85bcc6bd,5159775,0.05159775,1500.0,Regular
2023-07-25T04:33:18.510Z,XBTUSD,Buy,100,29073.5,PlusTick,be609d6b-2763-72de-c2c0-7699db63e1ce,343956,0.00343956,100.0,Regular
2023-07-25T04:33:18.510Z,XBTUSD,Buy,300,29076.0,PlusTick,614bdac0-bd2f-1d2e-c4ad-afa65cf2cae7,1031778,0.01031778,300.0,Regular
2023-07-25T04:33:18.510Z,XBTUSD,Buy,300,29076.5,PlusTick,7914e00f-61be-a105-ef09-fee7faa85a0a,1031760,0.0103176,300.0,Regular
2023-07-25T04:33:18.510Z,XBTUSD,Buy,300,29077.0,PlusTick,da2cc861-89ce-dfa0-210d-9fa20a59f67d,1031742,0.01031742,300.0,Regular
2023-07-25T04:33:18.510Z,XBTUSD,Buy,1600,29077.0,ZeroPlusTick,bb92a265-e414-8016-8d07-d573cdef0e5f,5502624,0.05502624,1600.0,Regular
2023-07-25T04:33:29.381Z,XBTUSD,Buy,6700,29077.0,ZeroPlusTick,11cce6ff-bd7b-2c9a-1c91-668cbc22ce4c,23042238,0.23042238,6700.0,Regular
2023-07-25T04:34:35.315Z,XBTUSD,Buy,100,29077.0,ZeroPlusTick,d57ef568-ffed-ed18-853c-6ac4ee88893d,343914,0.00343914,100.0,Regular
2023-07-25T04:35:57.558Z,XBTUSD,Sell,2900,29076.5,MinusTick,e53364d2-dcdf-e09a-002b-8efc7cad9bcd,9973680,0.0997368,2900.0,Regular
2023-07-25T04:35:57.558Z,XBTUSD,Sell,17000,29076.5,ZeroMinusTick,8f2a0a13-5696-16e3-908a-c38e4ad614be,58466400,0.584664,17000.0,Regular
2023-07-25T04:35:57.558Z,XBTUSD,Sell,600,29076.5,ZeroMinusTick,2e59bc86-3bad-556e-ee5c-de5cf44d4b35,2063520,0.0206352,600.0,Regular
2023-07-25T04:35:57.558Z,XBTUSD,Sell,9700,29076.5,ZeroMinusTick,c62d2640-4987-a6cd-6249-45ddc8df4e05,33360240,0.3336024,9700.0,Regular
2023-07-25T04:35:57.558Z,XBTUSD,Sell,300,29076.5,ZeroMinusTick,a7b2d089-a6bb-4e89-f138-bb7edae42778,1031760,0.0103176,300.0,Regular
2023-07-25T04:35:57.558Z,XBTUSD,Sell,6400,29076.5,ZeroMinusTick,c32f7c7f-cb7d-a34d-8ede-c5cfec829833,22010880,0.2201088,6400.0,Regular
2023-07-25T04:35:57.558Z,XBTUSD,Sell,1500,29076.5,ZeroMinusTick,e0ae8c1e-f509-8764-984a-9a3c3ce2dfb3,5158800,0.051588,1500.0,Regular
2023-07-25T04:35:57.558Z,XBTUSD,Sell,200,29076.5,ZeroMinusTick,3c2fa658-e368-8d21-e9e5-d7449eab1c3f,687840,0.0068784,200.0,Regular
2023-07-25T04:35:57.558Z,XBTUSD,Sell,5000,29076.5,ZeroMinusTick,851451c9-b3f6-d245-920f-b234620d65e4,17196000,0.17196,5000.0,Regular
2023-07-25T04:35:57.558Z,XBTUSD,Sell,13600,29076.5,ZeroMinusTick,e7fe269b-dcd5-6c83-c242-d1fe5d23db5d,46773120,0.4677312,13600.0,Regular
2023-07-25T04:35:57.558Z,XBTUSD,Sell,63900,29076.5,ZeroMinusTick,668d913e-961d-6b6e-b669-2e9d00d52796,219764880,2.1976488,63900.0,Regular
2023-07-25T04:35:57.558Z,XBTUSD,Sell,700,29076.5,ZeroMinusTick,08ada9de-007d-04b8-863f-3e3735a03cf0,2407440,0.0240744,700.0,Regular
2023-07-25T04:35:57.558Z,XBTUSD,Sell,100,29076.5,ZeroMinusTick,02a0c567-a0b8-51e7-f29d-c2aa55ba0eac,343920,0.0034392,100.0,Regular
2023-07-25T04:35:57.558Z,XBTUSD,Sell,2900,29076.5,ZeroMinusTick,f1a311d2-7d54-071a-17c2-5f136408a670,9973680,0.0997368,2900.0,Regular
2023-07-25T04:35:57.558Z,XBTUSD,Sell,800,29076.5,ZeroMinusTick,8f2c039f-fe08-c627-9d4f-e90988d10137,2751360,0.0275136,800.0,Regular
2023-07-25T04:35:57.558Z,XBTUSD,Sell,1000,29076.5,ZeroMinusTick,5dc00025-9cc4-074c-954d-be339032d143,3439200,0.034392,1000.0,Regular
2023-07-25T04:35:57.558Z,XBTUSD,Sell,4200,29076.5,ZeroMinusTick,4f42e97d-9360-d2da-2672-2827662ad80a,14444640,0.1444464,4200.0,Regular
2023-07-25T04:35:57.558Z,XBTUSD,Sell,800,29076.5,ZeroMinusTick,3a43af08-c5e9-e505-06fe-d33f1446dee0,2751360,0.0275136,800.0,Regular
2023-07-25T04:35:57.558Z,XBTUSD,Sell,3400,29076.5,ZeroMinusTick,05a40e3f-cfb2-973b-bca7-8184dc03860a,11693280,0.1169328,3400.0,Regular
2023-07-25T04:35:57.558Z,XBTUSD,Sell,11100,29076.5,ZeroMinusTick,d28ab5fb-afce-2c13-d096-092bc43982c1,38175120,0.3817512,11100.0,Regular
2023-07-25T04:35:57.558Z,XBTUSD,Sell,400,29076.5,ZeroMinusTick,acce9896-9dad-80b1-d367-73229f534c35,1375680,0.0137568,400.0,Regular
2023-07-25T04:35:57.558Z,XBTUSD,Sell,800,29076.5,ZeroMinusTick,34b89baf-37df-a354-c7fd-eac97ef5b8a0,2751360,0.0275136,800.0,Regular
2023-07-25T04:35:57.558Z,XBTUSD,Sell,100,29076.5,ZeroMinusTick,13715edd-5dcb-3706-1e1a-6ff93b9508c2,343920,0.0034392,100.0,Regular
2023-07-25T04:35:57.558Z,XBTUSD,Sell,7900,29076.5,ZeroMinusTick,9ccbfca1-bc71-d09d-ac2a-b015fd7c363e,27169680,0.2716968,7900.0,Regular
2023-07-25T04:35:57.558Z,XBTUSD,Sell,22400,29076.5,ZeroMinusTick,c84862f0-d490-49db-3d4e-8a88d7484d1c,77038080,0.7703808,22400.0,Regular
2023-07-25T04:36:01.067Z,XBTUSD,Sell,6600,29076.5,ZeroMinusTick,dfa463a9-a1a3-d268-9855-af7d717ce837,22698720,0.2269872,6600.0,Regular
2023-07-25T04:36:01.067Z,XBTUSD,Sell,45800,29076.5,ZeroMinusTick,d2e00eb5-cdcf-4742-cf3b-4185c3830c5d,157515360,1.5751536,45800.0,Regular
2023-07-25T04:36:01.067Z,XBTUSD,Sell,3900,29076.5,ZeroMinusTick,5d8f1735-405f-ecea-606b-be3829e873aa,13412880,0.1341288,3900.0,Regular
2023-07-25T04:36:01.067Z,XBTUSD,Sell,300,29076.5,ZeroMinusTick,4de02db9-d365-9ba3-8bc1-08b36799924a,1031760,0.0103176,300.0,Regular
2023-07-25T04:36:01.067Z,XBTUSD,Sell,400,29076.5,ZeroMinusTick,584fe01a-a205-f12f-6b24-0249fca4dd2c,1375680,0.0137568,400.0,Regular
2023-07-25T04:36:01.067Z,XBTUSD,Sell,6000,29076.5,ZeroMinusTick,c080d4df-50e9-4227-5cec-55b8d4440281,20635200,0.206352,6000.0,Regular
2023-07-25T04:36:01.067Z,XBTUSD,Sell,100,29076.5,ZeroMinusTick,2bbbcd71-5752-db45-98b8-05171d567568,343920,0.0034392,100.0,Regular
2023-07-25T04:36:01.067Z,XBTUSD,Sell,100,29076.5,ZeroMinusTick,c309f9b4-9776-0d85-de5b-6b48f289f12e,343920,0.0034392,100.0,Regular
2023-07-25T04:36:01.067Z,XBTUSD,Sell,300,29076.5,ZeroMinusTick,db60b3f9-534c-e534-8aa6-c80e16dcdfad,1031760,0.0103176,300.0,Regular
2023-07-25T04:36:01.067Z,XBTUSD,Sell,200,29076.5,ZeroMinusTick,9df8cdc8-82db-290e-e868-1750ca746cd1,687840,0.0068784,200.0,Regular
2023-07-25T04:36:01.067Z,XBTUSD,Sell,700,29076.5,ZeroMinusTick,f0d779d2-133b-c3d9-3fe3-b577e94d1464,2407440,0.0240744,700.0,Regular
2023-07-25T04:36:01.067Z,XBTUSD,Sell,15500,29076.5,ZeroMinusTick,3a4dbb8f-8613-275c-16d3-130d3c00c740,53307600,0.533076,15500.0,Regular
2023-07-25T04:36:01.067Z,XBTUSD,Sell,11900,29076.5,ZeroMinusTick,bab4ff88-3056-21c5-a340-d0b79cdc83d3,40926480,0.4092648,11900.0,Regular
2023-07-25T04:36:28.552Z,XBTUSD,Sell,100,29073.5,MinusTick,c50520d6-79d1-025b-658d-9cec180752ff,343956,0.00343956,100.0,Regular
2023-07-25T04:36:28.552Z,XBTUSD,Sell,300,29073.5,ZeroMinusTick,56ee1a5e-d200-b1c8-16ef-ae1519bb9435,1031868,0.01031868,300.0,Regular
2023-07-25T04:36:28.552Z,XBTUSD,Sell,4100,29073.5,ZeroMinusTick,7a8fef45-8365-403d-58b2-b34661e7f8d1,14102196,0.14102196,4100.0,Regular
2023-07-25T04:36:28.552Z,XBTUSD,Sell,18000,29073.5,ZeroMinusTick,4b0599c6-fd68-32fb-84fe-899715bee4c4,61912080,0.6191208,18000.0,Regular
2023-07-25T04:36:28.552Z,XBTUSD,Sell,200,29073.5,ZeroMinusTick,776aff56-6503-a88d-ceca-fbca4eb5dbc0,687912,0.00687912,200.0,Regular
2023-07-25T04:36:28.552Z,XBTUSD,Sell,100,29073.5,ZeroMinusTick,133453bc-bca9-d55a-0d81-997bae10fef4,343956,0.00343956,100.0,Regular
2023-07-25T04:36:28.552Z,XBTUSD,Sell,100,29073.5,ZeroMinusTick,d2ede6a1-34c2-8951-9129-85dca7d88b70,343956,0.00343956,100.0,Regular
2023-07-25T04:36:28.552Z,XBTUSD,Sell,7200,29073.5,ZeroMinusTick,9a6968d5-a157-2447-5185-26e661e7b7ed,24764832,0.24764832,7200.0,Regular
2023-07-25T04:36:28.552Z,XBTUSD,Sell,2200,29073.5,ZeroMinusTick,edf8e2f1-9cd7-cadb-1e4d-4c4e98882859,7567032,0.07567032,2200.0,Regular
2023-07-25T04:36:28.552Z,XBTUSD,Sell,1200,29073.0,MinusTick,ae54933d-e42f-9623-8266-421bc7a12562,4127544,0.04127544,1200.0,Regular
2023-07-25T04:36:38.494Z,XBTUSD,Sell,1000,29070.0,MinusTick,ba3666cc-f017-115e-082a-46981359c609,3439970,0.0343997,1000.0,Regular
2023-07-25T04:36:38.494Z,XBTUSD,Sell,69500,29070.0,ZeroMinusTick,7b131cb8-e7d0-ff48-8977-72c8300aef7f,239077915,2.39077915,69500.0,Regular
2023-07-25T04:36:38.494Z,XBTUSD,Sell,800,29070.0,ZeroMinusTick,d56f195a-5c33-6c4c-7753-1f4b4badd36a,2751976,0.02751976,800.0,Regular
2023-07-25T04:36:38.497Z,XBTUSD,Sell,2100,29070.0,ZeroMinusTick,2d09d8a1-0a6a-1969-a5e1-8d86afbe1ebb,7223937,0.07223937,2100.0,Regular
2023-07-25T04:36:38.497Z,XBTUSD,Sell,100,29070.0,ZeroMinusTick,a9ae34eb-2fff-e121-a8c8-f7f996ea6b89,343997,0.00343997,100.0,Regular
2023-07-25T04:36:38.497Z,XBTUSD,Sell,4500,29070.0,ZeroMinusTick,fc89e419-2e47-092c-46f8-4c2e6ccd03d6,15479865,0.15479865,4500.0,Regular
2023-07-25T04:36:38.497Z,XBTUSD,Sell,100,29070.0,ZeroMinusTick,f0fd5891-6b33-d195-2f99-b654cfc62973,343997,0.00343997,100.0,Regular
2023-07-25T04:36:38.497Z,XBTUSD,Sell,1000,29070.0,ZeroMinusTick,c2e49a7b-3abf-2093-f4dc-d99dc5f8ff20,3439970,0.0343997,1000.0,Regular
2023-07-25T04:36:38.497Z,XBTUSD,Sell,2200,29069.5,MinusTick,3fd8a251-0312-0fae-55ae-330282bd1bf9,7568066,0.07568066,2200.0,Regular
2023-07-25T04:36:38.508Z,XBTUSD,Sell,800,29068.0,MinusTick,503dc55d-551f-dd62-6719-8a11cb225f09,2752168,0.02752168,800.0,Regular
2023-07-25T04:36:38.508Z,XBTUSD,Sell,800,29067.5,MinusTick,6a68dc51-aea6-8558-0dc7-ba4cd7ef394a,2752216,0.02752216,800.0,Regular
2023-07-25T04:36:38.508Z,XBTUSD,Sell,8300,29067.5,ZeroMinusTick,dbf3a9ac-4f58-2f0b-aa75-ad67615944dc,28554241,0.28554241,8300.0,Regular
2023-07-25T04:36:38.511Z,XBTUSD,Sell,1200,29068.5,PlusTick,4600fd9e-0955-e911-e308-41c24bf0c346,4128180,0.0412818,1200.0,Regular
2023-07-25T04:36:38.523Z,XBTUSD,Sell,100,29067.0,MinusTick,d244d79e-6a27-6641-0760-708c03f7d4be,344033,0.00344033,100.0,Regular
2023-07-25T04:36:38.523Z,XBTUSD,Sell,300,29067.0,ZeroMinusTick,4f1d2cd4-8806-b131-8d42-4969db5bf95a,1032099,0.01032099,300.0,Regular
2023-07-25T04:37:00.079Z,XBTUSD,Sell,300,29064.0,MinusTick,7de494eb-0cb4-8b20-81ca-e70dc3bf1bb6,1032204,0.01032204,300.0,Regular
2023-07-25T04:37:00.079Z,XBTUSD,Sell,10700,29064.0,ZeroMinusTick,8e76eae8-0b15-b38e-00b6-cebac7e5fdce,36815276,0.36815276,10700.0,Regular
2023-07-25T04:37:12.184Z,XBTUSD,Buy,100,29064.5,PlusTick,d9fd7f47-25ee-bf3f-48cf-acbde8b781af,344062,0.00344062,100.0,Regular
2023-07-25T04:37:12.184Z,XBTUSD,Buy,100,29064.5,ZeroPlusTick,6e21e7f6-e3b8-bf97-1ee2-9e382710686e,344062,0.00344062,100.0,Regular
2023-07-25T04:37:12.184Z,XBTUSD,Buy,200,29064.5,ZeroPlusTick,4bf498e8-dfdd-9f24-c892-6cf870cbf4b8,688124,0.00688124,200.0,Regular
2023-07-25T04:38:37.164Z,XBTUSD,Sell,800,29065.5,PlusTick,9db61366-e921-51ab-f880-cd0dd026b959,2752408,0.02752408,800.0,Regular
2023-07-25T04:38:37.164Z,XBTUSD,Sell,2300,29065.5,ZeroPlusTick,6c24aae4-69f4-569c-d020-43002164ac23,7913173,0.07913173,2300.0,Regular
2023-07-25T04:38:37.164Z,XBTUSD,Sell,400,29065.5,ZeroPlusTick,5359b261-70b7-2146-880b-a58ae2fc3cd5,1376204,0.01376204,400.0,Regular
2023-07-25T04:38:37.164Z,XBTUSD,Sell,100,29065.5,ZeroPlusTick,cad5d183-9450-0219-f8e0-2eaca133f98c,344051,0.00344051,100.0,Regular
2023-07-25T04:38:37.164Z,XBTUSD,Sell,200,29065.5,ZeroPlusTick,1a664143-4e12-2f75-6b28-37a677e8a95e,688102,0.00688102,200.0,Regular
2023-07-25T04:38:37.164Z,XBTUSD,Sell,9800,29065.5,ZeroPlusTick,493a1441-a96c-9a26-d23a-e09978eba632,33716998,0.33716998,9800.0,Regular
2023-07-25T04:38:37.164Z,XBTUSD,Sell,800,29065.5,ZeroPlusTick,a775e37c-dcae-ad05-10ed-68ea06a5dba7,2752408,0.02752408,800.0,Regular
2023-07-25T04:38:37.164Z,XBTUSD,Sell,1800,29065.5,ZeroPlusTick,fc760d8d-1344-0589-9e98-9e5212f81910,6192918,0.06192918,1800.0,Regular
2023-07-25T04:38:37.164Z,XBTUSD,Sell,2500,29065.5,ZeroPlusTick,8a9bdcd8-429b-50bb-58bb-244e24c66eb6,8601275,0.08601275,2500.0,Regular
2023-07-25T04:38:37.164Z,XBTUSD,Sell,42800,29065.5,ZeroPlusTick,b4f632df-ab86-6a12-321b-62ab9d509575,147253828,1.47253828,42800.0,Regular
2023-07-25T04:38:37.164Z,XBTUSD,Sell,18800,29065.5,ZeroPlusTick,8826ca6a-a450-2eaf-d515-1bf6b626e483,64681588,0.64681588,18800.0,Regular
2023-07-25T04:38:37.236Z,XBTUSD,Sell,11100,29065.5,ZeroPlusTick,f5f51bf6-8e13-9b4b-ee33-67bdbf53e5c9,38189661,0.38189661,11100.0,Regular
2023-07-25T04:38:37.236Z,XBTUSD,Sell,58500,29065.5,ZeroPlusTick,f373c409-f0c4-48b3-d84a-0a0e97a93cc7,201269835,2.01269835,58500.0,Regular
2023-07-25T04:38:37.236Z,XBTUSD,Sell,4500,29065.5,ZeroPlusTick,be5d877f-f46d-c2ae-ff2d-8215e337e754,15482295,0.15482295,4500.0,Regular
2023-07-25T04:38:37.236Z,XBTUSD,Sell,15500,29065.5,ZeroPlusTick,9295e1ce-f9b8-2d9a-e40c-28010e926150,53327905,0.53327905,15500.0,Regular
2023-07-25T04:38:37.319Z,XBTUSD,Sell,13800,29065.5,ZeroPlusTick,9b14ba6f-cefe-a58c-08fa-b3be7b98c136,47479038,0.47479038,13800.0,Regular
2023-07-25T04:38:37.319Z,XBTUSD,Sell,500,29065.5,ZeroPlusTick,1c8dbc70-a1ea-ff1b-117f-2f2bc19b1236,1720255,0.01720255,500.0,Regular
2023-07-25T04:38:37.319Z,XBTUSD,Sell,100,29065.5,ZeroPlusTick,3695be65-a78f-6eb9-2bb7-8227e426ecbc,344051,0.00344051,100.0,Regular
2023-07-25T04:38:37.319Z,XBTUSD,Sell,9700,29065.5,ZeroPlusTick,8fb11553-5ea1-2f4e-2452-25b092af473b,33372947,0.33372947,9700.0,Regular
2023-07-25T04:38:45.393Z,XBTUSD,Sell,200,29063.0,MinusTick,9ec0b1ab-ed8d-2284-f75c-ccb22bbe3560,688160,0.0068816,200.0,Regular
2023-07-25T04:38:45.393Z,XBTUSD,Sell,100,29063.0,ZeroMinusTick,f84899aa-bbd1-063f-7ac0-b299babb8f4d,344080,0.0034408,100.0,Regular
2023-07-25T04:38:45.393Z,XBTUSD,Sell,1400,29063.0,ZeroMinusTick,fdba5a96-9fd0-aa76-0bdf-8aa0bcee8abb,4817120,0.0481712,1400.0,Regular
2023-07-25T04:38:45.393Z,XBTUSD,Sell,100,29063.0,ZeroMinusTick,024029e6-32ce-9be0-342d-68d1e2905be2,344080,0.0034408,100.0,Regular
2023-07-25T04:38:46.117Z,XBTUSD,Sell,100,29063.0,ZeroMinusTick,5c247789-5488-b273-3c9c-8de131601814,344080,0.0034408,100.0,Regular
2023-07-25T04:38:46.117Z,XBTUSD,Sell,3600,29063.0,ZeroMinusTick,39a0143d-3bc2-8a58-7100-0e13a93eb0e2,12386880,0.1238688,3600.0,Regular
2023-07-25T04:38:46.117Z,XBTUSD,Sell,100,29063.0,ZeroMinusTick,efcaef04-e5d5-e7f5-4cad-87ce7f2a1530,344080,0.0034408,100.0,Regular
2023-07-25T04:38:46.117Z,XBTUSD,Sell,6900,29063.0,ZeroMinusTick,49311efd-7c68-6dcc-499c-7db782e99605,23741520,0.2374152,6900.0,Regular
2023-07-25T04:38:46.140Z,XBTUSD,Sell,1200,29063.0,ZeroMinusTick,40b31f78-bfb3-930b-eb96-0eb3ce9c4557,4128960,0.0412896,1200.0,Regular
2023-07-25T04:38:46.151Z,XBTUSD,Sell,1200,29063.0,ZeroMinusTick,f12573a9-04c5-40c0-abb3-d6398c1d3985,4128960,0.0412896,1200.0,Regular
2023-07-25T04:38:46.161Z,XBTUSD,Sell,1200,29063.0,ZeroMinusTick,d83eb9c5-14db-a74d-82ff-0839cba01610,4128960,0.0412896,1200.0,Regular
2023-07-25T04:38:46.175Z,XBTUSD,Sell,200,29063.0,ZeroMinusTick,2cc5560e-f5bd-2788-b790-15d05c776a75,688160,0.0068816,200.0,Regular
2023-07-25T04:39:40.859Z,XBTUSD,Buy,39500,29063.5,PlusTick,8a53ae8a-b5e6-2f17-81ad-8240adbd66a2,135909230,1.3590923,39500.0,Regular
2023-07-25T04:39:40.859Z,XBTUSD,Buy,800,29063.5,ZeroPlusTick,b7c33920-4867-fda2-412c-f23baeb63312,2752592,0.02752592,800.0,Regular
2023-07-25T04:39:40.859Z,XBTUSD,Buy,6700,29063.5,ZeroPlusTick,87b6bc48-5c26-609f-e256-678729fd26d3,23052958,0.23052958,6700.0,Regular
2023-07-25T04:39:40.859Z,XBTUSD,Buy,900,29063.5,ZeroPlusTick,ac6af746-48a3-6b82-ccd3-ebd59824f436,3096666,0.03096666,900.0,Regular
2023-07-25T04:39:40.859Z,XBTUSD,Buy,200,29063.5,ZeroPlusTick,ac39c042-cd17-c07f-e78d-678bb9884f65,688148,0.00688148,200.0,Regular
2023-07-25T04:42:10.358Z,XBTUSD,Sell,33200,29068.0,PlusTick,54593346-1e23-89b0-e945-ca9f75986f8d,114214972,1.14214972,33200.0,Regular
2023-07-25T04:42:10.358Z,XBTUSD,Sell,100,29068.0,ZeroPlusTick,c3b5aacc-cf48-82e1-9c8c-c511bfac0399,344021,0.00344021,100.0,Regular
2023-07-25T04:42:10.358Z,XBTUSD,Sell,6000,29068.0,ZeroPlusTick,4e5c417c-d25b-f9dc-fa36-38f858a39ecb,20641260,0.2064126,6000.0,Regular
2023-07-25T04:42:10.358Z,XBTUSD,Sell,4600,29068.0,ZeroPlusTick,992ad3ef-ad52-6780-c32f-8821a5553789,15824966,0.15824966,4600.0,Regular
2023-07-25T04:42:10.421Z,XBTUSD,Sell,19900,29068.0,ZeroPlusTick,8a429101-28c8-844e-c68e-0675d9f8c08b,68460179,0.68460179,19900.0,Regular
2023-07-25T04:42:10.425Z,XBTUSD,Sell,35400,29068.0,ZeroPlusTick,c0f53039-1c50-b6de-3ff4-e8d8b0a3c9f4,121783434,1.21783434,35400.0,Regular
2023-07-25T04:42:15.154Z,XBTUSD,Buy,100,29068.5,PlusTick,58144617-29b0-c9eb-6648-91d242b47a72,344015,0.00344015,100.0,Regular
2023-07-25T04:42:25.064Z,XBTUSD,Buy,100,29068.5,ZeroPlusTick,2eccfd81-967f-06b3-f41a-c9164b476ecd,344015,0.00344015,100.0,Regular
2023-07-25T04:42:35.052Z,XBTUSD,Buy,100,29068.5,ZeroPlusTick,8c5f7656-8e68-ed1e-9e9a-fb2f17a265ef,344015,0.00344015,100.0,Regular
2023-07-25T04:42:45.050Z,XBTUSD,Buy,100,29068.5,ZeroPlusTick,70e1705b-7b36-5094-5be6-640866edae04,344015,0.00344015,100.0,Regular
2023-07-25T04:43:00.524Z,XBTUSD,Sell,7000,29068.0,MinusTick,470fe9ba-7b3d-f608-a2dc-5676824f54ee,24081470,0.2408147,7000.0,Regular
2023-07-25T04:43:00.524Z,XBTUSD,Sell,2800,29068.0,ZeroMinusTick,39a13443-a60d-c556-28d4-b68c3f409847,9632588,0.09632588,2800.0,Regular
2023-07-25T04:43:00.524Z,XBTUSD,Sell,100,29068.0,ZeroMinusTick,f587b82c-358c-dbff-e773-0c3ab288401f,344021,0.00344021,100.0,Regular
2023-07-25T04:43:00.524Z,XBTUSD,Sell,6200,29068.0,ZeroMinusTick,7583fff1-1b38-37c3-8b0e-118ad99c189f,21329302,0.21329302,6200.0,Regular
2023-07-25T04:43:00.524Z,XBTUSD,Sell,200,29068.0,ZeroMinusTick,ce5dba0e-74cf-0904-03a6-00c0eaeb46c2,688042,0.00688042,200.0,Regular
2023-07-25T04:43:00.524Z,XBTUSD,Sell,6000,29068.0,ZeroMinusTick,b8e2047b-4b6a-3b22-b5f7-987fc103a7e8,20641260,0.2064126,6000.0,Regular
2023-07-25T04:43:00.524Z,XBTUSD,Sell,1500,29068.0,ZeroMinusTick,593678a4-d852-7578-6d02-c494d1a65788,5160315,0.05160315,1500.0,Regular
2023-07-25T04:43:00.524Z,XBTUSD,Sell,11700,29068.0,ZeroMinusTick,fa479a2f-f107-1373-1575-a5fdbe569619,40250457,0.40250457,11700.0,Regular
2023-07-25T04:43:00.524Z,XBTUSD,Sell,100,29068.0,ZeroMinusTick,882f9b6d-5322-0233-fe78-a649cd4cdcb1,344021,0.00344021,100.0,Regular
2023-07-25T04:43:00.524Z,XBTUSD,Sell,3500,29068.0,ZeroMinusTick,4b2fc7dc-885e-f3e1-7dc7-35d9069f3266,12040735,0.12040735,3500.0,Regular
2023-07-25T04:43:00.524Z,XBTUSD,Sell,56600,29068.0,ZeroMinusTick,aa8c0985-cd9c-57da-b234-bac8b14e746f,194715886,1.94715886,56600.0,Regular
2023-07-25T04:43:00.524Z,XBTUSD,Sell,5100,29068.0,ZeroMinusTick,c90bcf67-6dba-c642-4c13-c5fdf402770b,17545071,0.17545071,5100.0,Regular
2023-07-25T04:43:00.524Z,XBTUSD,Sell,5700,29068.0,ZeroMinusTick,8da9f632-df8a-5e4d-418e-4db874603913,19609197,0.19609197,5700.0,Regular
2023-07-25T04:43:00.524Z,XBTUSD,Sell,600,29068.0,ZeroMinusTick,5203585a-1e90-f098-493e-66ed65941b15,2064126,0.02064126,600.0,Regular
2023-07-25T04:43:00.524Z,XBTUSD,Sell,5400,29068.0,ZeroMinusTick,ab0efe5d-3280-1679-a7bf-0b3f65b1d14f,18577134,0.18577134,5400.0,Regular
2023-07-25T04:43:00.524Z,XBTUSD,Sell,10800,29068.0,ZeroMinusTick,33424970-a9d2-f74a-fe1c-a6ee3cbd5f6c,37154268,0.37154268,10800.0,Regular
2023-07-25T04:43:00.524Z,XBTUSD,Sell,6000,29068.0,ZeroMinusTick,b6929669-d9d0-a8eb-1bc2-7763cc43be40,20641260,0.2064126,6000.0,Regular
2023-07-25T04:43:00.524Z,XBTUSD,Sell,2900,29068.0,ZeroMinusTick,102d0aa6-9f87-9fde-10e8-e01c3f0a7555,9976609,0.09976609,2900.0,Regular
2023-07-25T04:43:00.524Z,XBTUSD,Sell,800,29068.0,ZeroMinusTick,6dad47ed-e002-5372-a255-e4196a0f021f,2752168,0.02752168,800.0,Regular
2023-07-25T04:43:00.524Z,XBTUSD,Sell,42700,29068.0,ZeroMinusTick,a5e46de6-cb95-32e4-3c90-7d3ae4a3ffcd,146896967,1.46896967,42700.0,Regular
2023-07-25T04:43:00.524Z,XBTUSD,Sell,100,29068.0,ZeroMinusTick,ddb6950e-13c0-513f-296a-73909197e212,344021,0.00344021,100.0,Regular
2023-07-25T04:43:00.524Z,XBTUSD,Sell,200,29068.0,ZeroMinusTick,78202e30-211f-85ad-3bc9-ba16fc0c2c54,688042,0.00688042,200.0,Regular
2023-07-25T04:43:00.524Z,XBTUSD,Sell,10200,29068.0,ZeroMinusTick,052ede52-21c3-890c-f30c-f06288b3829b,35090142,0.35090142,10200.0,Regular
2023-07-25T04:43:00.524Z,XBTUSD,Sell,400,29068.0,ZeroMinusTick,0e4e2120-af69-4215-20f6-32ea06c77f3a,1376084,0.01376084,400.0,Regular
2023-07-25T04:43:00.524Z,XBTUSD,Sell,3400,29068.0,ZeroMinusTick,791933f2-7a42-ea27-1f29-9a87f265ae54,11696714,0.11696714,3400.0,Regular
2023-07-25T04:43:00.524Z,XBTUSD,Sell,83800,29068.0,ZeroMinusTick,eb12dce7-7047-0009-32f8-cb333e4f5773,288289598,2.88289598,83800.0,Regular
2023-07-25T04:43:00.524Z,XBTUSD,Sell,7800,29068.0,ZeroMinusTick,8bfbe65b-33b3-6652-0637-ad5f180770bc,26833638,0.26833638,7800.0,Regular
2023-07-25T04:43:00.524Z,XBTUSD,Sell,100,29068.0,ZeroMinusTick,9dd6e87f-0201-7460-9217-bb17e7491c22,344021,0.00344021,100.0,Regular
2023-07-25T04:43:00.524Z,XBTUSD,Sell,100,29068.0,ZeroMinusTick,a948dfca-1cff-b4b8-b474-447451f61558,344021,0.00344021,100.0,Regular
2023-07-25T04:43:00.524Z,XBTUSD,Sell,6300,29068.0,ZeroMinusTick,5d3f3332-b77e-9b78-97b4-e4c3fddb8cdc,21673323,0.21673323,6300.0,Regular
2023-07-25T04:43:00.524Z,XBTUSD,Sell,10200,29068.0,ZeroMinusTick,a91eeca3-3c07-3578-2cb3-357abc078c33,35090142,0.35090142,10200.0,Regular
2023-07-25T04:43:00.579Z,XBTUSD,Sell,500,29068.0,ZeroMinusTick,05283118-aae8-e107-1d3c-efd8f7f6786e,1720105,0.01720105,500.0,Regular
2023-07-25T04:43:00.583Z,XBTUSD,Sell,9300,29068.0,ZeroMinusTick,e96d3b2b-402c-98ed-3072-ba0b27db51f5,31993953,0.31993953,9300.0,Regular
2023-07-25T04:43:00.583Z,XBTUSD,Sell,100,29068.0,ZeroMinusTick,8c45d634-f13f-2896-6af4-3634af6eda1e,344021,0.00344021,100.0,Regular
2023-07-25T04:43:00.583Z,XBTUSD,Sell,1200,29068.0,ZeroMinusTick,d1b3de64-b675-7550-43be-e30844e77e82,4128252,0.04128252,1200.0,Regular
2023-07-25T04:44:15.723Z,XBTUSD,Sell,300,29062.5,MinusTick,c5c6f8df-8541-a9cd-280e-a8e87f6eeb60,1032258,0.01032258,300.0,Regular
2023-07-25T04:44:15.723Z,XBTUSD,Sell,4700,29062.5,ZeroMinusTick,9345a173-490e-b533-ec7f-7746ac85faf3,16172042,0.16172042,4700.0,Regular
2023-07-25T04:44:15.812Z,XBTUSD,Sell,5000,29062.5,ZeroMinusTick,339cb6f7-7cdf-6efb-a6e9-d98b41a5d6f9,17204300,0.172043,5000.0,Regular
2023-07-25T04:44:45.631Z,XBTUSD,Buy,43600,29063.0,PlusTick,996398ae-8223-512b-fbbf-b6b630aa1569,150018880,1.5001888,43600.0,Regular
2023-07-25T04:44:45.631Z,XBTUSD,Buy,800,29063.0,ZeroPlusTick,ba83ae50-de34-a532-8e5d-30c3e51e412b,2752640,0.0275264,800.0,Regular
2023-07-25T04:44:45.631Z,XBTUSD,Buy,700,29063.0,ZeroPlusTick,425fc4bb-1cd9-ca5b-e99a-c5af715a941b,2408560,0.0240856,700.0,Regular
2023-07-25T04:44:45.631Z,XBTUSD,Buy,200,29063.0,ZeroPlusTick,dc53dbf2-9775-61db-3820-c713cc816088,688160,0.0068816,200.0,Regular
2023-07-25T04:44:45.631Z,XBTUSD,Buy,800,29063.0,ZeroPlusTick,996088fa-7629-b58e-6853-90e5e38b9078,2752640,0.0275264,800.0,Regular
2023-07-25T04:44:45.631Z,XBTUSD,Buy,900,29063.0,ZeroPlusTick,d8df8ff4-eb29-a902-eb98-46b1f3163617,3096720,0.0309672,900.0,Regular
2023-07-25T04:44:45.631Z,XBTUSD,Buy,200,29063.0,ZeroPlusTick,f0c72649-4d21-ae6d-faac-a1054573e81c,688160,0.0068816,200.0,Regular
2023-07-25T04:44:45.631Z,XBTUSD,Buy,6500,29063.0,ZeroPlusTick,1213555e-4901-2b91-0d62-d9ef6a32e4c1,22365200,0.223652,6500.0,Regular
2023-07-25T04:44:49.067Z,XBTUSD,Buy,193500,29063.0,ZeroPlusTick,745ecb97-5178-b576-41d9-ddd55bcb9b4a,665794800,6.657948,193500.0,Regular
2023-07-25T04:44:49.067Z,XBTUSD,Buy,400,29063.0,ZeroPlusTick,1baa3742-4ac2-a542-d821-074bddd877db,1376320,0.0137632,400.0,Regular
2023-07-25T04:44:49.067Z,XBTUSD,Buy,400,29063.0,ZeroPlusTick,5b3c211e-00fa-5667-9330-45d39aa497b1,1376320,0.0137632,400.0,Regular
2023-07-25T04:45:04.141Z,XBTUSD,Buy,1600,29065.0,PlusTick,fbb2f785-0092-a036-28d1-32b3997452be,5504896,0.05504896,1600.0,Regular
2023-07-25T04:45:04.141Z,XBTUSD,Buy,100,29065.0,ZeroPlusTick,427fb794-a6f0-6b5a-d3ba-c7990856a035,344056,0.00344056,100.0,Regular
2023-07-25T04:46:05.211Z,XBTUSD,Buy,100,29069.5,PlusTick,f8305894-0661-1a5b-5303-585196d67c10,344003,0.00344003,100.0,Regular
2023-07-25T04:46:21.201Z,XBTUSD,Sell,5300,29072.5,PlusTick,77e8ca19-e335-6666-c928-626e9dc3f59f,18230304,0.18230304,5300.0,Regular
2023-07-25T04:48:15.137Z,XBTUSD,Buy,100,29073.0,PlusTick,358ee719-0922-c91d-df3f-0e5609f98b3c,343962,0.00343962,100.0,Regular
2023-07-25T04:48:15.162Z,XBTUSD,Buy,100,29073.0,ZeroPlusTick,46dfa579-b810-12cf-d3c6-005387d8cf7f,343962,0.00343962,100.0,Regular
2023-07-25T04:48:25.061Z,XBTUSD,Buy,100,29073.0,ZeroPlusTick,9a8037c4-a776-00ab-82e1-af9136253d91,343962,0.00343962,100.0,Regular
2023-07-25T04:48:30.050Z,XBTUSD,Buy,100,29073.0,ZeroPlusTick,d851356f-38be-b28f-fad7-bd4e5e0e94ec,343962,0.00343962,100.0,Regular
2023-07-25T04:48:35.067Z,XBTUSD,Buy,100,29073.0,ZeroPlusTick,f2a61105-c074-75cf-da29-d8e931d09ede,343962,0.00343962,100.0,Regular
2023-07-25T04:48:45.069Z,XBTUSD,Buy,100,29073.0,ZeroPlusTick,fe309131-3401-fc07-b5a5-5222e4462338,343962,0.00343962,100.0,Regular
2023-07-25T04:48:55.639Z,XBTUSD,Sell,20600,29072.5,MinusTick,7586ee6f-8b0a-fae9-5e72-add64574f1e0,70857408,0.70857408,20600.0,Regular
2023-07-25T04:48:55.639Z,XBTUSD,Sell,600,29072.5,ZeroMinusTick,f952f24b-bf23-26c5-7a7c-6d67f14beb2a,2063808,0.02063808,600.0,Regular
2023-07-25T04:48:55.639Z,XBTUSD,Sell,7800,29072.5,ZeroMinusTick,80c3bb04-db2c-e938-221c-3c6af222b672,26829504,0.26829504,7800.0,Regular
2023-07-25T04:48:55.639Z,XBTUSD,Sell,43100,29072.5,ZeroMinusTick,5a1f93a8-b971-0015-6c28-18fcfc48b0f1,148250208,1.48250208,43100.0,Regular
2023-07-25T04:48:55.639Z,XBTUSD,Sell,6500,29072.5,ZeroMinusTick,dac164af-2b44-5ab8-ae44-da9f191d6898,22357920,0.2235792,6500.0,Regular
2023-07-25T04:48:55.639Z,XBTUSD,Sell,14800,29072.5,ZeroMinusTick,ad00d45c-0e8c-eda8-8f98-92cd27ed2cd0,50907264,0.50907264,14800.0,Regular
2023-07-25T04:48:55.639Z,XBTUSD,Sell,300,29072.5,ZeroMinusTick,16f00296-024c-401c-918e-dfea304866d5,1031904,0.01031904,300.0,Regular
2023-07-25T04:48:55.639Z,XBTUSD,Sell,100,29072.5,ZeroMinusTick,28d6536b-53f0-6c2d-c106-d79d5224cec6,343968,0.00343968,100.0,Regular
2023-07-25T04:48:55.639Z,XBTUSD,Sell,100,29072.5,ZeroMinusTick,7bc787c3-6902-8492-9aad-70c6c95c96b6,343968,0.00343968,100.0,Regular
2023-07-25T04:48:55.639Z,XBTUSD,Sell,800,29072.5,ZeroMinusTick,7e2476b3-dcf4-6562-c5b6-a990d03ed29c,2751744,0.02751744,800.0,Regular
2023-07-25T04:48:55.639Z,XBTUSD,Sell,61300,29072.5,ZeroMinusTick,33b3bcc3-3003-9260-3850-4c2a6062a64f,210852384,2.10852384,61300.0,Regular
2023-07-25T04:48:55.645Z,XBTUSD,Sell,25500,29072.5,ZeroMinusTick,7df6e12a-6b35-03a7-2337-6b489cdb1942,87711840,0.8771184,25500.0,Regular
2023-07-25T04:48:55.645Z,XBTUSD,Sell,900,29072.5,ZeroMinusTick,e4571b55-910b-5c3d-745b-be1a6d4f8bfa,3095712,0.03095712,900.0,Regular
2023-07-25T04:48:55.645Z,XBTUSD,Sell,700,29072.5,ZeroMinusTick,2eb91802-3088-2de9-dce1-a3f427e2638a,2407776,0.02407776,700.0,Regular
2023-07-25T04:48:55.645Z,XBTUSD,Sell,9200,29072.5,ZeroMinusTick,38949bfc-9ddf-a319-c5f7-5ac2fa886065,31645056,0.31645056,9200.0,Regular
2023-07-25T04:48:55.645Z,XBTUSD,Sell,400,29072.5,ZeroMinusTick,2d6e0202-afe1-022c-f27e-f42d9c15e731,1375872,0.01375872,400.0,Regular
2023-07-25T04:48:55.645Z,XBTUSD,Sell,6500,29072.5,ZeroMinusTick,9e8bab81-4fdb-497b-0849-16eabc3e91a8,22357920,0.2235792,6500.0,Regular
2023-07-25T04:48:55.688Z,XBTUSD,Sell,3200,29072.5,ZeroMinusTick,405c9612-d971-6150-2603-4592257fa4fb,11006976,0.11006976,3200.0,Regular
2023-07-25T04:48:55.688Z,XBTUSD,Sell,800,29072.5,ZeroMinusTick,6ddac6c8-fb32-2947-6ecc-13b16004ef78,2751744,0.02751744,800.0,Regular
2023-07-25T04:48:55.688Z,XBTUSD,Sell,3700,29072.5,ZeroMinusTick,26d6ea6d-1351-32f9-c1c2-829394b8e42c,12726816,0.12726816,3700.0,Regular
2023-07-25T04:48:55.688Z,XBTUSD,Sell,1900,29072.5,ZeroMinusTick,bd5bbafc-c28b-9c61-d2d1-8c5702247cdf,6535392,0.06535392,1900.0,Regular
2023-07-25T04:48:55.688Z,XBTUSD,Sell,100,29072.5,ZeroMinusTick,41063e9b-34c4-7f0a-f789-aa1513dda688,343968,0.00343968,100.0,Regular
2023-07-25T04:48:55.688Z,XBTUSD,Sell,100,29072.5,ZeroMinusTick,d46d4e78-f886-1385-aa1b-a8883246f9d7,343968,0.00343968,100.0,Regular
2023-07-25T04:48:55.688Z,XBTUSD,Sell,26800,29072.5,ZeroMinusTick,39a337f2-17ab-63c2-04ee-3df33da8ac81,92183424,0.92183424,26800.0,Regular
2023-07-25T04:48:55.688Z,XBTUSD,Sell,100,29072.5,ZeroMinusTick,6f82c278-e54a-b8f0-6329-967f8215503c,343968,0.00343968,100.0,Regular
2023-07-25T04:48:55.688Z,XBTUSD,Sell,4900,29072.5,ZeroMinusTick,fe4fc904-4879-7728-78ac-828bcfd6256f,16854432,0.16854432,4900.0,Regular
2023-07-25T04:48:55.688Z,XBTUSD,Sell,52400,29072.5,ZeroMinusTick,0eeadfb4-5f33-29de-f947-d894eca1ea09,180239232,1.80239232,52400.0,Regular
2023-07-25T04:48:55.688Z,XBTUSD,Sell,4800,29072.5,ZeroMinusTick,8435f104-b9fd-719c-82ee-22bd4f5a310b,16510464,0.16510464,4800.0,Regular
2023-07-25T04:48:55.688Z,XBTUSD,Sell,100,29072.5,ZeroMinusTick,3214ca91-6e14-2a72-ec7b-77c55c47352e,343968,0.00343968,100.0,Regular
2023-07-25T04:48:55.688Z,XBTUSD,Sell,300,29072.5,ZeroMinusTick,c9962133-6928-9aa2-3a80-016e39f9220a,1031904,0.01031904,300.0,Regular
2023-07-25T04:48:55.688Z,XBTUSD,Sell,7200,29072.5,ZeroMinusTick,079b0086-a3a0-b7fb-84ef-a5795e1dab42,24765696,0.24765696,7200.0,Regular
2023-07-25T04:48:55.688Z,XBTUSD,Sell,16000,29072.5,ZeroMinusTick,2923c2cc-e13a-2d41-f8f5-f67eabbdaa97,55034880,0.5503488,16000.0,Regular
2023-07-25T04:48:55.688Z,XBTUSD,Sell,15100,29072.5,ZeroMinusTick,fe4a581c-7817-a675-193a-13b142042893,51939168,0.51939168,15100.0,Regular
2023-07-25T04:48:55.688Z,XBTUSD,Sell,13400,29072.5,ZeroMinusTick,95704b3f-bbed-c678-5b8b-ea0cbbaf1b30,46091712,0.46091712,13400.0,Regular
2023-07-25T04:48:55.688Z,XBTUSD,Sell,100,29072.5,ZeroMinusTick,b6325cf2-24cd-de42-2d01-c5d568e485a3,343968,0.00343968,100.0,Regular
2023-07-25T04:48:55.688Z,XBTUSD,Sell,400,29072.5,ZeroMinusTick,d2d0235a-5bec-9904-caf7-9a250aecc20e,1375872,0.01375872,400.0,Regular
2023-07-25T04:48:55.688Z,XBTUSD,Sell,8100,29072.5,ZeroMinusTick,2ec3c842-34d3-5bec-db6d-fe4672708283,27861408,0.27861408,8100.0,Regular
2023-07-25T04:48:55.688Z,XBTUSD,Sell,2400,29072.5,ZeroMinusTick,cc6d5e38-a236-bd48-c87c-514581bd4127,8255232,0.08255232,2400.0,Regular
2023-07-25T04:48:55.688Z,XBTUSD,Sell,1200,29072.5,ZeroMinusTick,95a0c3d0-9c20-1f66-db04-7ac8656fa513,4127616,0.04127616,1200.0,Regular
2023-07-25T04:48:55.834Z,XBTUSD,Sell,100,29069.5,MinusTick,1d412d17-884c-3c15-622c-af82a5bfc115,344003,0.00344003,100.0,Regular
2023-07-25T04:48:58.673Z,XBTUSD,Buy,500,29066.5,MinusTick,d01c04f4-7afc-b498-094a-7a6b28de2e0b,1720195,0.01720195,500.0,Regular
2023-07-25T04:49:00.047Z,XBTUSD,Buy,500,29066.5,ZeroMinusTick,e37c8586-1a3e-bffd-6da6-38cf1ee11b0d,1720195,0.01720195,500.0,Regular
2023-07-25T04:50:01.878Z,XBTUSD,Sell,100,29066.0,MinusTick,324a8068-9e19-ec21-c149-bfe459d97955,344045,0.00344045,100.0,Regular
2023-07-25T04:50:01.878Z,XBTUSD,Sell,3900,29066.0,ZeroMinusTick,1156aa9f-02c7-f14c-43d4-ea7898dd6163,13417755,0.13417755,3900.0,Regular
2023-07-25T04:50:01.878Z,XBTUSD,Sell,300,29066.0,ZeroMinusTick,cc09fe96-9d14-3d06-c161-3234f957078c,1032135,0.01032135,300.0,Regular
2023-07-25T04:50:01.878Z,XBTUSD,Sell,2300,29066.0,ZeroMinusTick,a9ae507c-f9e2-cd4b-c833-35add71c7f05,7913035,0.07913035,2300.0,Regular
2023-07-25T04:50:01.878Z,XBTUSD,Sell,3400,29066.0,ZeroMinusTick,69dbcc12-bb4e-c678-b3f8-d0f38fbf7044,11697530,0.1169753,3400.0,Regular
2023-07-25T04:50:01.878Z,XBTUSD,Sell,3200,29066.0,ZeroMinusTick,fe3a799b-fd17-3cfb-44bd-4f23d6c32079,11009440,0.1100944,3200.0,Regular
2023-07-25T04:50:01.878Z,XBTUSD,Sell,8100,29066.0,ZeroMinusTick,dbea0bc2-397c-d60a-51a8-3c3f6ee1b9b5,27867645,0.27867645,8100.0,Regular
2023-07-25T04:50:01.900Z,XBTUSD,Sell,200,29066.0,ZeroMinusTick,bc10fae0-6fba-7a40-48a1-f390b4490a48,688090,0.0068809,200.0,Regular
2023-07-25T04:50:01.912Z,XBTUSD,Sell,3000,29066.0,ZeroMinusTick,e6bfe8b3-b303-4870-a54e-04f394b2fa2b,10321350,0.1032135,3000.0,Regular
2023-07-25T04:50:01.929Z,XBTUSD,Sell,5800,29066.0,ZeroMinusTick,ed267664-8cfa-e0ba-709e-8bded0676de0,19954610,0.1995461,5800.0,Regular
2023-07-25T04:50:01.930Z,XBTUSD,Sell,17700,29066.0,ZeroMinusTick,c27079e0-907c-aa25-f86b-5a91b6af2953,60895965,0.60895965,17700.0,Regular
2023-07-25T04:50:01.930Z,XBTUSD,Sell,200,29066.0,ZeroMinusTick,87cacf7d-7264-d038-40c7-489496df9471,688090,0.0068809,200.0,Regular
2023-07-25T04:50:01.930Z,XBTUSD,Sell,600,29066.0,ZeroMinusTick,99195929-3913-9345-d89e-9e50c7b80d18,2064270,0.0206427,600.0,Regular
2023-07-25T04:50:01.934Z,XBTUSD,Sell,12300,29066.0,ZeroMinusTick,cb5cc16c-b7b9-fb89-ac2c-4c05c230023a,42317535,0.42317535,12300.0,Regular
2023-07-25T04:50:01.934Z,XBTUSD,Sell,200,29066.0,ZeroMinusTick,e554cfed-f432-9f1a-91bb-5de14e5129ce,688090,0.0068809,200.0,Regular
2023-07-25T04:50:01.934Z,XBTUSD,Sell,600,29066.0,ZeroMinusTick,e4eff11d-9465-254c-2378-111cd638ed3d,2064270,0.0206427,600.0,Regular
2023-07-25T04:50:01.934Z,XBTUSD,Sell,19000,29066.0,ZeroMinusTick,df670ac6-4c7f-08fd-47ac-feb72663eae5,65368550,0.6536855,19000.0,Regular
2023-07-25T04:50:01.938Z,XBTUSD,Sell,6200,29066.0,ZeroMinusTick,53c1f30d-1f37-7bcb-c9e8-51adf3c30119,21330790,0.2133079,6200.0,Regular
2023-07-25T04:50:01.938Z,XBTUSD,Sell,40800,29066.0,ZeroMinusTick,dfed2e33-8185-f9eb-a53f-fff53b26b3da,140370360,1.4037036,40800.0,Regular
2023-07-25T04:50:01.941Z,XBTUSD,Sell,4400,29066.0,ZeroMinusTick,d62c03f6-20be-36aa-5036-ecba380dd0ca,15137980,0.1513798,4400.0,Regular
2023-07-25T04:50:01.978Z,XBTUSD,Sell,2500,29066.0,ZeroMinusTick,bac3665f-4026-6ee1-c2a9-ee8b2123c8c3,8601125,0.08601125,2500.0,Regular
2023-07-25T04:50:01.978Z,XBTUSD,Sell,4100,29066.0,ZeroMinusTick,f02ef71b-a654-c0d6-c4e4-86247f2c1ad4,14105845,0.14105845,4100.0,Regular
2023-07-25T04:50:01.978Z,XBTUSD,Sell,10900,29066.0,ZeroMinusTick,85e044b3-c893-893e-2a1c-511bb77180e7,37500905,0.37500905,10900.0,Regular
2023-07-25T04:50:01.978Z,XBTUSD,Sell,100,29066.0,ZeroMinusTick,ec9ae802-fb10-bf33-fd1a-fbaabaa1236e,344045,0.00344045,100.0,Regular
2023-07-25T04:50:10.145Z,XBTUSD,Buy,24800,29062.5,MinusTick,ef34afc6-fe22-9235-ea71-f688bc9e1eab,85333328,0.85333328,24800.0,Regular
2023-07-25T04:50:14.236Z,XBTUSD,Buy,200,29066.5,PlusTick,171a71a0-b793-3988-5a3a-e249b2008aba,688078,0.00688078,200.0,Regular
2023-07-25T04:50:17.000Z,XBTUSD,Buy,100,29068.5,PlusTick,feba92ea-b9ff-b1ac-2bb3-ebe8ac05cd19,344015,0.00344015,100.0,Regular
2023-07-25T04:50:17.037Z,XBTUSD,Buy,100,29069.5,PlusTick,23993178-64ac-755a-4f61-ca2d0932e19a,344003,0.00344003,100.0,Regular
2023-07-25T04:50:59.367Z,XBTUSD,Buy,5000,29071.5,PlusTick,98c7dd8c-5716-f981-02fc-97aec25240d5,17198950,0.1719895,5000.0,Regular
2023-07-25T04:51:02.195Z,XBTUSD,Buy,300,29073.5,PlusTick,89010851-b20a-1c03-0c04-3234b08e438a,1031868,0.01031868,300.0,Regular
2023-07-25T04:51:12.241Z,XBTUSD,Buy,1500,29073.5,ZeroPlusTick,880caccf-d62a-7e78-51ea-d4c0136bec9a,5159340,0.0515934,1500.0,Regular
2023-07-25T04:51:15.049Z,XBTUSD,Buy,100,29073.5,ZeroPlusTick,55652250-b2fd-ac33-740f-c01eeed1e6b9,343956,0.00343956,100.0,Regular
2023-07-25T04:51:25.065Z,XBTUSD,Buy,200,29073.5,ZeroPlusTick,7f4c8c32-0bd6-89e6-72fa-b4ba69aadf55,687912,0.00687912,200.0,Regular
2023-07-25T04:51:30.080Z,XBTUSD,Buy,100,29073.5,ZeroPlusTick,e85aa0d5-a306-7103-e8bd-db7152cac4e4,343956,0.00343956,100.0,Regular
2023-07-25T04:51:35.056Z,XBTUSD,Buy,400,29073.5,ZeroPlusTick,24e326ad-2009-879c-63d8-0b8571b3cf19,1375824,0.01375824,400.0,Regular
2023-07-25T04:51:45.057Z,XBTUSD,Buy,200,29073.5,ZeroPlusTick,2c8a9537-2265-47f7-930c-797bb73b1e40,687912,0.00687912,200.0,Regular
2023-07-25T04:51:59.980Z,XBTUSD,Sell,15300,29073.0,MinusTick,59ae7bc3-95f7-ca6d-724c-1f16a053a6c0,52626186,0.52626186,15300.0,Regular
2023-07-25T04:51:59.984Z,XBTUSD,Sell,400,29073.0,ZeroMinusTick,733a8308-d7dd-da61-3d2d-37c7fe0dc1dc,1375848,0.01375848,400.0,Regular
2023-07-25T04:51:59.984Z,XBTUSD,Sell,21000,29073.0,ZeroMinusTick,cddf898b-e701-b8c7-a8ff-2eb905d58744,72232020,0.7223202,21000.0,Regular
2023-07-25T04:51:59.984Z,XBTUSD,Sell,3100,29073.0,ZeroMinusTick,c735d573-b272-0579-6592-64b4107d4881,10662822,0.10662822,3100.0,Regular
2023-07-25T04:51:59.984Z,XBTUSD,Sell,400,29073.0,ZeroMinusTick,359d4aec-e9c0-47d3-fd29-691d0c824097,1375848,0.01375848,400.0,Regular
2023-07-25T04:51:59.984Z,XBTUSD,Sell,100,29073.0,ZeroMinusTick,48f7d719-371a-81de-1b7f-7ce1a3215fb9,343962,0.00343962,100.0,Regular
2023-07-25T04:51:59.984Z,XBTUSD,Sell,1800,29073.0,ZeroMinusTick,d93729f7-0dd3-62d8-6691-9e6bd78dde7d,6191316,0.06191316,1800.0,Regular
2023-07-25T04:51:59.984Z,XBTUSD,Sell,300,29073.0,ZeroMinusTick,1f45c3bc-a53a-fb62-8c84-6e33dbc3f42f,1031886,0.01031886,300.0,Regular
2023-07-25T04:51:59.984Z,XBTUSD,Sell,6300,29073.0,ZeroMinusTick,d73a1708-fb62-7c5c-99a0-6cb3ff20778b,21669606,0.21669606,6300.0,Regular
2023-07-25T04:52:12.754Z,XBTUSD,Buy,100,29073.5,PlusTick,55b60626-0350-df5d-0405-ea053abfee41,343956,0.00343956,100.0,Regular
2023-07-25T04:52:17.381Z,XBTUSD,Buy,3000,29073.5,ZeroPlusTick,79e304aa-963a-a60e-5a91-fec137187179,10318680,0.1031868,3000.0,Regular
2023-07-25T04:52:24.088Z,XBTUSD,Buy,2900,29073.5,ZeroPlusTick,bb8a93dc-4688-1b49-fadf-80a88d7fbd45,9974724,0.09974724,2900.0,Regular
2023-07-25T04:52:24.088Z,XBTUSD,Buy,1100,29073.5,ZeroPlusTick,94a79249-48f9-3974-86c4-e1e45752d8b1,3783516,0.03783516,1100.0,Regular
2023-07-25T04:53:02.191Z,XBTUSD,Buy,200,29073.5,ZeroPlusTick,38078794-66d6-8e2d-dbe5-07e352f19127,687912,0.00687912,200.0,Regular
2023-07-25T04:53:15.059Z,XBTUSD,Buy,100,29073.5,ZeroPlusTick,e708f40b-940b-ca2d-b218-986ece662cf6,343956,0.00343956,100.0,Regular
2023-07-25T04:53:16.106Z,XBTUSD,Buy,3600,29073.5,ZeroPlusTick,e5378daa-be33-8d99-ba2e-0aab5684b81d,12382416,0.12382416,3600.0,Regular
2023-07-25T04:53:16.106Z,XBTUSD,Buy,100,29074.5,PlusTick,b5ebf410-e84a-d844-3d19-28c6a3a53ded,343944,0.00343944,100.0,Regular
2023-07-25T04:53:16.106Z,XBTUSD,Buy,8800,29075.5,PlusTick,de5bcc0d-de96-80ee-9bf2-48dadf5b118e,30266016,0.30266016,8800.0,Regular
2023-07-25T04:53:16.106Z,XBTUSD,Buy,14800,29075.5,ZeroPlusTick,52f21b50-db3e-375b-fec8-bf86a354cbe7,50901936,0.50901936,14800.0,Regular
2023-07-25T04:53:25.056Z,XBTUSD,Buy,200,29075.0,MinusTick,5a57e561-e518-9621-8e7d-bf5d361749f6,687876,0.00687876,200.0,Regular
2023-07-25T04:53:30.061Z,XBTUSD,Buy,100,29075.0,ZeroMinusTick,2b166dee-a0e2-6a61-1698-f91a1ec91557,343938,0.00343938,100.0,Regular
2023-07-25T04:53:35.057Z,XBTUSD,Buy,200,29075.0,ZeroMinusTick,f93ced7b-a638-2171-9f28-713c3f3b2a9a,687876,0.00687876,200.0,Regular
2023-07-25T04:53:45.072Z,XBTUSD,Buy,100,29075.0,ZeroMinusTick,e24ea439-8e8f-2ce7-0ac6-8fb18dc60ec6,343938,0.00343938,100.0,Regular
2023-07-25T04:54:08.372Z,XBTUSD,Sell,400,29074.5,MinusTick,5d4dfce5-42d0-3b32-df35-ef4be3085db1,1375776,0.01375776,400.0,Regular
2023-07-25T04:55:10.457Z,XBTUSD,Sell,100,29074.5,ZeroMinusTick,764180d1-17f7-b111-2a93-c747fdbc9a6a,343944,0.00343944,100.0,Regular
2023-07-25T04:55:15.115Z,XBTUSD,Buy,100,29075.0,PlusTick,f527d8da-84ae-a399-39ac-4e2fbe97a99d,343938,0.00343938,100.0,Regular
2023-07-25T04:56:02.200Z,XBTUSD,Buy,300,29075.0,ZeroPlusTick,574a97fa-4f1f-61dc-1b77-248109a315b4,1031814,0.01031814,300.0,Regular
2023-07-25T04:56:12.873Z,XBTUSD,Buy,42200,29075.0,ZeroPlusTick,a58073a6-1483-df3e-9591-5c97906033f8,145141836,1.45141836,42200.0,Regular
2023-07-25T04:56:12.873Z,XBTUSD,Buy,100,29075.0,ZeroPlusTick,fcb44cd2-4591-2e8d-4575-7f3e76abbb61,343938,0.00343938,100.0,Regular
2023-07-25T04:56:12.873Z,XBTUSD,Buy,1200,29075.0,ZeroPlusTick,15f9f468-a7c3-3583-9912-f1db8ddbdc0f,4127256,0.04127256,1200.0,Regular
2023-07-25T04:56:12.873Z,XBTUSD,Buy,100,29075.0,ZeroPlusTick,2b2f4ebd-bdbb-f08d-0466-39a2d02c72e9,343938,0.00343938,100.0,Regular
2023-07-25T04:56:12.873Z,XBTUSD,Buy,16900,29075.0,ZeroPlusTick,05fd443b-de7b-9412-deae-2300657bd6c8,58125522,0.58125522,16900.0,Regular
2023-07-25T04:56:13.309Z,XBTUSD,Sell,600,29076.5,PlusTick,fd46ab1b-6983-a3fb-4fda-76f5c7f6589b,2063520,0.0206352,600.0,Regular
2023-07-25T04:56:15.045Z,XBTUSD,Buy,200,29077.0,PlusTick,78901421-2028-98f8-ae71-008965253bbd,687828,0.00687828,200.0,Regular
2023-07-25T04:56:25.052Z,XBTUSD,Buy,200,29077.0,ZeroPlusTick,d7b5ea25-57b1-5e58-2167-f1330571b20f,687828,0.00687828,200.0,Regular
2023-07-25T04:56:30.076Z,XBTUSD,Buy,100,29077.0,ZeroPlusTick,59812fa5-c4df-c76e-c6a8-cdbc551f92fe,343914,0.00343914,100.0,Regular
2023-07-25T04:56:35.064Z,XBTUSD,Buy,300,29077.0,ZeroPlusTick,a3df69b0-b09a-21ba-6cb4-0c4b3c14ebf0,1031742,0.01031742,300.0,Regular
2023-07-25T04:56:45.081Z,XBTUSD,Buy,200,29077.0,ZeroPlusTick,3f005936-2583-225f-a119-9a43552cd48f,687828,0.00687828,200.0,Regular
2023-07-25T04:57:02.190Z,XBTUSD,Buy,300,29077.0,ZeroPlusTick,7cf66372-931d-e7b1-a3b3-45280fbda8b8,1031742,0.01031742,300.0,Regular
2023-07-25T04:57:15.051Z,XBTUSD,Buy,100,29077.0,ZeroPlusTick,3b40647c-0a4b-94aa-c440-df7cdce9b007,343914,0.00343914,100.0,Regular
2023-07-25T04:57:25.059Z,XBTUSD,Buy,300,29077.0,ZeroPlusTick,28d6e6af-6bf0-cfb2-419e-202a587cfeab,1031742,0.01031742,300.0,Regular
2023-07-25T04:57:30.056Z,XBTUSD,Buy,200,29077.0,ZeroPlusTick,e6923fc1-0701-06bd-8964-785418e1d98f,687828,0.00687828,200.0,Regular
2023-07-25T04:57:35.051Z,XBTUSD,Buy,300,29077.0,ZeroPlusTick,362e4ce8-3567-0355-41cb-4511a8664215,1031742,0.01031742,300.0,Regular
2023-07-25T04:57:45.063Z,XBTUSD,Buy,300,29077.0,ZeroPlusTick,ee891024-3d38-3f0e-f266-2f5c12675047,1031742,0.01031742,300.0,Regular
2023-07-25T04:58:02.196Z,XBTUSD,Buy,200,29077.0,ZeroPlusTick,51311f37-9da5-0e29-9bbc-d6d5ec7fee2b,687828,0.00687828,200.0,Regular
2023-07-25T04:58:15.055Z,XBTUSD,Buy,100,29077.0,ZeroPlusTick,2c07fc23-8d4d-87ce-08cc-abb9cc07a3cb,343914,0.00343914,100.0,Regular
2023-07-25T04:58:25.072Z,XBTUSD,Buy,100,29077.0,ZeroPlusTick,6029b582-1e6e-cfdf-bda8-a2854e87b26d,343914,0.00343914,100.0,Regular
2023-07-25T04:58:29.712Z,XBTUSD,Buy,26100,29077.0,ZeroPlusTick,1760d919-a25e-b7fb-04f9-a33c3d03d91c,89761554,0.89761554,26100.0,Regular
2023-07-25T04:58:29.712Z,XBTUSD,Buy,100,29077.0,ZeroPlusTick,75f53607-73b3-6c65-5ac9-5d5d69b95bd4,343914,0.00343914,100.0,Regular
2023-07-25T04:58:29.712Z,XBTUSD,Buy,100,29077.0,ZeroPlusTick,1ddefd7d-fc89-8f74-c143-b9853618a12a,343914,0.00343914,100.0,Regular
2023-07-25T04:58:30.059Z,XBTUSD,Buy,100,29078.5,PlusTick,f4e212fe-b1e1-8f77-a52b-f9088dff9301,343897,0.00343897,100.0,Regular
2023-07-25T04:58:35.063Z,XBTUSD,Buy,200,29078.5,ZeroPlusTick,723803d2-b2e6-82fd-20d3-c9905cf97201,687794,0.00687794,200.0,Regular
2023-07-25T04:58:43.966Z,XBTUSD,Buy,3500,29078.5,ZeroPlusTick,e8f77b63-6d1e-8b06-2794-21178bfe3a10,12036395,0.12036395,3500.0,Regular
2023-07-25T04:58:45.062Z,XBTUSD,Buy,100,29078.5,ZeroPlusTick,4f220a52-4c88-5592-2c69-24032f0b50dc,343897,0.00343897,100.0,Regular
2023-07-25T04:59:22.051Z,XBTUSD,Buy,100,29078.5,ZeroPlusTick,f5003cf3-b88b-c1c4-c3f9-5ecc4f858b21,343897,0.00343897,100.0,Regular
2023-07-25T04:59:39.451Z,XBTUSD,Buy,100,29079.5,PlusTick,34184626-25c9-755b-3500-9468cfc54b58,343885,0.00343885,100.0,Regular
2023-07-25T05:00:03.714Z,XBTUSD,Buy,200,29079.5,ZeroPlusTick,ec20d7ea-a7ea-2a9b-3a07-b3c8935ef258,687770,0.0068777,200.0,Regular
2023-07-25T05:00:03.714Z,XBTUSD,Buy,8800,29079.5,ZeroPlusTick,ecc1790c-b93b-ce5f-1375-873257d86adf,30261880,0.3026188,8800.0,Regular
2023-07-25T05:00:03.714Z,XBTUSD,Buy,3000,29079.5,ZeroPlusTick,5785fa5e-9bb0-9112-0fb7-0d63317fcefa,10316550,0.1031655,3000.0,Regular
2023-07-25T05:00:03.714Z,XBTUSD,Buy,12400,29079.5,ZeroPlusTick,97575df6-1fcc-9fe9-be5b-30cd70d779ac,42641740,0.4264174,12400.0,Regular
2023-07-25T05:00:03.729Z,XBTUSD,Buy,100,29080.0,PlusTick,5f2c7af0-6a13-a0bb-5019-477c55cef652,343879,0.00343879,100.0,Regular
2023-07-25T05:00:03.736Z,XBTUSD,Buy,200,29079.5,MinusTick,bd5ced38-0edf-01fc-d8a1-850cc3e0b580,687770,0.0068777,200.0,Regular
2023-07-25T05:00:03.751Z,XBTUSD,Buy,100,29079.5,ZeroMinusTick,9ab34e65-7b5f-7e89-c4a9-d37d79bf1a99,343885,0.00343885,100.0,Regular
2023-07-25T05:00:03.753Z,XBTUSD,Buy,200,29079.5,ZeroMinusTick,86bda9e9-230e-692f-fe30-e00542c79f83,687770,0.0068777,200.0,Regular
2023-07-25T05:00:03.755Z,XBTUSD,Buy,8300,29079.5,ZeroMinusTick,5f575f38-8e86-5eac-5ff8-5ab2a4bc2528,28542455,0.28542455,8300.0,Regular
2023-07-25T05:00:03.755Z,XBTUSD,Buy,900,29079.5,ZeroMinusTick,770fc9ab-0093-169c-3ff4-edc50fb641d6,3094965,0.03094965,900.0,Regular
2023-07-25T05:00:03.755Z,XBTUSD,Buy,10300,29082.0,PlusTick,c5414fe0-919d-43e9-60f5-03db4619d007,35417065,0.35417065,10300.0,Regular
2023-07-25T05:00:03.781Z,XBTUSD,Buy,300,29082.0,ZeroPlusTick,16091985-7cf1-ec17-3e61-e1dab399c763,1031565,0.01031565,300.0,Regular
2023-07-25T05:00:03.817Z,XBTUSD,Buy,700,29083.0,PlusTick,562611cd-6d8f-e4ff-97aa-31a894c0721c,2406901,0.02406901,700.0,Regular
2023-07-25T05:00:03.840Z,XBTUSD,Buy,100,29083.0,ZeroPlusTick,9da11d1f-9d95-6536-73db-fa30072f39d5,343843,0.00343843,100.0,Regular
2023-07-25T05:00:03.918Z,XBTUSD,Buy,100,29082.5,MinusTick,4077e469-cbc4-0ce7-3022-a7bf0d05d40d,343849,0.00343849,100.0,Regular
2023-07-25T05:00:03.918Z,XBTUSD,Buy,200,29083.0,PlusTick,742b1158-a34d-c6b6-dfe0-e3880255353c,687686,0.00687686,200.0,Regular
2023-07-25T05:00:06.038Z,XBTUSD,Sell,4100,29084.5,PlusTick,250e482b-378d-018b-122f-d3ab69c8f477,14096866,0.14096866,4100.0,Regular
2023-07-25T05:00:06.038Z,XBTUSD,Sell,100,29084.5,ZeroPlusTick,bd6301d4-1b10-13c8-d585-6237fc140f48,343826,0.00343826,100.0,Regular
2023-07-25T05:00:06.038Z,XBTUSD,Sell,13600,29084.5,ZeroPlusTick,829b651d-632a-1307-a67b-60a784135daa,46760336,0.46760336,13600.0,Regular
2023-07-25T05:00:06.038Z,XBTUSD,Sell,2800,29084.5,ZeroPlusTick,36538f8e-3cca-c148-9ab1-94b7abd3beb4,9627128,0.09627128,2800.0,Regular
2023-07-25T05:00:06.055Z,XBTUSD,Sell,39500,29082.5,MinusTick,cd83373f-b983-2146-03e4-32771d37112b,135820355,1.35820355,39500.0,Regular
2023-07-25T05:00:06.055Z,XBTUSD,Sell,33100,29082.0,MinusTick,b065367d-23f6-71d3-dd98-fa8faa76d024,113816005,1.13816005,33100.0,Regular
2023-07-25T05:00:10.368Z,XBTUSD,Sell,600,29082.0,ZeroMinusTick,bbc60507-5753-85d3-c50b-829574a2a3e9,2063130,0.0206313,600.0,Regular
2023-07-25T05:00:10.368Z,XBTUSD,Sell,100,29082.0,ZeroMinusTick,7b7f31d8-0ea5-e4bf-638b-786e45ce773b,343855,0.00343855,100.0,Regular
2023-07-25T05:00:10.368Z,XBTUSD,Sell,1100,29082.0,ZeroMinusTick,d8792092-275c-ab10-a797-91587f27e0ec,3782405,0.03782405,1100.0,Regular
2023-07-25T05:00:10.368Z,XBTUSD,Sell,29400,29082.0,ZeroMinusTick,573bd559-0960-fc2d-1c89-09cf209ba114,101093370,1.0109337,29400.0,Regular
2023-07-25T05:00:10.374Z,XBTUSD,Sell,4600,29082.0,ZeroMinusTick,25f289fe-d3da-38b1-7156-8dbf6a25cd44,15817330,0.1581733,4600.0,Regular
2023-07-25T05:00:10.374Z,XBTUSD,Sell,500,29082.0,ZeroMinusTick,dec423f4-a643-2af9-f2bd-f15b349a67d2,1719275,0.01719275,500.0,Regular
2023-07-25T05:00:10.374Z,XBTUSD,Sell,1900,29082.0,ZeroMinusTick,6b9c1c70-ca4d-2c32-16b6-4a933d00a725,6533245,0.06533245,1900.0,Regular
2023-07-25T05:00:10.374Z,XBTUSD,Sell,1600,29082.0,ZeroMinusTick,13f395b4-0028-5af6-c3c2-c710ec39975c,5501680,0.0550168,1600.0,Regular
2023-07-25T05:00:10.381Z,XBTUSD,Sell,2200,29082.0,ZeroMinusTick,311421f3-62da-fba9-2b10-19716b0b24d3,7564810,0.0756481,2200.0,Regular
2023-07-25T05:00:10.381Z,XBTUSD,Sell,100,29082.0,ZeroMinusTick,e1d79019-72ff-2bf3-ea3a-0efb49abe961,343855,0.00343855,100.0,Regular
2023-07-25T05:00:55.687Z,XBTUSD,Buy,100,29079.5,MinusTick,fb45a920-119e-0fb4-881e-935ceae5dd0d,343885,0.00343885,100.0,Regular
2023-07-25T05:01:29.111Z,XBTUSD,Buy,100,29082.5,PlusTick,dbf62fe1-d92d-3bf5-9ded-3944a73bb795,343849,0.00343849,100.0,Regular
2023-07-25T05:01:29.111Z,XBTUSD,Buy,100,29082.5,ZeroPlusTick,738f8b7e-5256-776b-068d-314b95cdb8a3,343849,0.00343849,100.0,Regular
2023-07-25T05:01:29.169Z,XBTUSD,Buy,20000,29085.0,PlusTick,9f738f23-dbcf-708c-31f6-ffad668ecf1c,68764000,0.68764,20000.0,Regular
2023-07-25T05:01:35.027Z,XBTUSD,Sell,1700,29086.0,PlusTick,3b036fff-6f47-d8b2-93ad-af6a8e83aa96,5844736,0.05844736,1700.0,Regular
2023-07-25T05:01:35.027Z,XBTUSD,Sell,39500,29086.0,ZeroPlusTick,0c20e8a7-e26f-25b3-6dcb-e4a8ca7e92ea,135804160,1.3580416,39500.0,Regular
2023-07-25T05:01:35.027Z,XBTUSD,Sell,7400,29086.0,ZeroPlusTick,ff1227b5-83cc-51c1-27c0-69405bee1ee8,25441792,0.25441792,7400.0,Regular
2023-07-25T05:01:58.910Z,XBTUSD,Buy,2500,29086.5,PlusTick,d707d5e6-a469-4c0d-67dd-63b633771b86,8595050,0.0859505,2500.0,Regular
2023-07-25T05:02:24.303Z,XBTUSD,Buy,500,29086.5,ZeroPlusTick,2043af19-70df-db88-6f85-50600e4a03ce,1719010,0.0171901,500.0,Regular
2023-07-25T05:02:24.303Z,XBTUSD,Buy,300,29086.5,ZeroPlusTick,061d8f65-37ca-dd8b-2843-efe60a24ec76,1031406,0.01031406,300.0,Regular
2023-07-25T05:02:24.303Z,XBTUSD,Buy,1200,29086.5,ZeroPlusTick,92111109-8673-0f8b-b3c2-447eaae95558,4125624,0.04125624,1200.0,Regular
2023-07-25T05:02:27.910Z,XBTUSD,Buy,2000,29086.5,ZeroPlusTick,5ba238ac-d9cb-9d51-6736-8b2a2d620dd1,6876040,0.0687604,2000.0,Regular
2023-07-25T05:02:33.714Z,XBTUSD,Buy,1000,29086.5,ZeroPlusTick,0908fee4-471c-331f-6542-18fd54657160,3438020,0.0343802,1000.0,Regular
2023-07-25T05:02:47.463Z,XBTUSD,Buy,2000,29086.5,ZeroPlusTick,ea1ebe6c-1fc6-21fe-2d6c-e0087a523b33,6876040,0.0687604,2000.0,Regular
2023-07-25T05:03:26.897Z,XBTUSD,Buy,100,29086.5,ZeroPlusTick,f019dbbb-7500-605a-b029-587b2027134a,343802,0.00343802,100.0,Regular
2023-07-25T05:03:28.656Z,XBTUSD,Buy,4400,29086.5,ZeroPlusTick,d630cd50-dcfa-4fdd-299a-fb62b6a7ca45,15127288,0.15127288,4400.0,Regular
2023-07-25T05:03:28.656Z,XBTUSD,Buy,100,29086.5,ZeroPlusTick,3757b077-4079-8e3e-f47b-c2cb8d95dbd5,343802,0.00343802,100.0,Regular
2023-07-25T05:03:28.656Z,XBTUSD,Buy,57200,29086.5,ZeroPlusTick,1b6cc359-8353-9ef9-a108-707440cfbf4e,196654744,1.96654744,57200.0,Regular
2023-07-25T05:03:28.656Z,XBTUSD,Buy,900,29086.5,ZeroPlusTick,5e4606fe-4cea-e1bc-1313-94974a6840d6,3094218,0.03094218,900.0,Regular
2023-07-25T05:03:28.656Z,XBTUSD,Buy,300,29086.5,ZeroPlusTick,5dd8c135-b427-0515-addb-608df7fe3b08,1031406,0.01031406,300.0,Regular
2023-07-25T05:03:28.656Z,XBTUSD,Buy,37100,29086.5,ZeroPlusTick,8573f3df-97bd-4f8f-eaa8-bbb532f98a0a,127550542,1.27550542,37100.0,Regular
2023-07-25T05:03:51.200Z,XBTUSD,Buy,28500,29086.5,ZeroPlusTick,2bd3f60b-6af1-d45d-1fa7-b3c2fef558c0,97983570,0.9798357,28500.0,Regular
2023-07-25T05:04:02.106Z,XBTUSD,Buy,100,29086.5,ZeroPlusTick,7333a627-6786-29f7-5138-2e863ae44a74,343802,0.00343802,100.0,Regular
2023-07-25T05:04:02.106Z,XBTUSD,Buy,18600,29086.5,ZeroPlusTick,973d0b9e-dfc7-1c44-9a80-a30805834761,63947172,0.63947172,18600.0,Regular
2023-07-25T05:04:02.107Z,XBTUSD,Buy,28900,29086.5,ZeroPlusTick,c7557884-456b-2132-1f7b-436a2611c261,99358778,0.99358778,28900.0,Regular
2023-07-25T05:04:02.117Z,XBTUSD,Buy,4000,29086.5,ZeroPlusTick,cecc392d-9e5f-c5a9-a04d-4f8b431c2bf3,13752080,0.1375208,4000.0,Regular
2023-07-25T05:04:02.117Z,XBTUSD,Buy,300,29086.5,ZeroPlusTick,423c383b-63e8-2453-7cc1-2c7b939ef273,1031406,0.01031406,300.0,Regular
2023-07-25T05:04:02.117Z,XBTUSD,Buy,1100,29086.5,ZeroPlusTick,14f5bdf3-cd39-ec89-6061-4adbe0bd27df,3781822,0.03781822,1100.0,Regular
2023-07-25T05:04:02.117Z,XBTUSD,Buy,10000,29087.0,PlusTick,beb0b2f2-8663-e328-6bee-03fec5de4bf6,34379600,0.343796,10000.0,Regular
2023-07-25T05:04:02.117Z,XBTUSD,Buy,44200,29088.0,PlusTick,0bbd0cc4-9f52-dbb3-9c7f-6a63719fefcb,151952528,1.51952528,44200.0,Regular
2023-07-25T05:04:02.117Z,XBTUSD,Buy,1400,29088.0,ZeroPlusTick,5cdc1b4d-8a30-1d43-a623-64023595e060,4812976,0.04812976,1400.0,Regular
2023-07-25T05:04:02.117Z,XBTUSD,Buy,50500,29088.0,ZeroPlusTick,5a2839bd-1b61-06e3-85c5-33e83b32fb6c,173610920,1.7361092,50500.0,Regular
2023-07-25T05:06:12.526Z,XBTUSD,Sell,3000,29089.5,PlusTick,e7bcc56f-9c6a-d405-a22c-01e3e85bb2ae,10313010,0.1031301,3000.0,Regular
2023-07-25T05:06:12.526Z,XBTUSD,Sell,1400,29089.5,ZeroPlusTick,c2340f47-dea1-b3f7-dd57-8070850f3ab0,4812738,0.04812738,1400.0,Regular
2023-07-25T05:06:12.526Z,XBTUSD,Sell,49500,29089.5,ZeroPlusTick,b24f4027-e397-a97c-d39e-7547a77d4f65,170164665,1.70164665,49500.0,Regular
2023-07-25T05:06:12.526Z,XBTUSD,Sell,4800,29089.5,ZeroPlusTick,cf19b625-33cd-cc10-0619-f2b83caebb04,16500816,0.16500816,4800.0,Regular
2023-07-25T05:06:12.526Z,XBTUSD,Sell,700,29089.5,ZeroPlusTick,9fe10789-8a2b-8a26-1895-e6bb75331387,2406369,0.02406369,700.0,Regular
2023-07-25T05:06:12.526Z,XBTUSD,Sell,100,29089.5,ZeroPlusTick,833bc980-1279-a32e-f8d1-8119c08e3820,343767,0.00343767,100.0,Regular
2023-07-25T05:06:12.526Z,XBTUSD,Sell,2000,29089.5,ZeroPlusTick,ab555bc5-a5ae-7f34-17c9-6b67275180b8,6875340,0.0687534,2000.0,Regular
2023-07-25T05:06:12.526Z,XBTUSD,Sell,100,29089.5,ZeroPlusTick,6b3dd6e6-ba89-d975-fef6-38e833c97201,343767,0.00343767,100.0,Regular
