timestamp,symbol,side,size,price,tickDirection,trdMatchID,grossValue,homeNotional,foreignNotional,trdType
2023-07-23T16:00:03.231Z,XBTUSD,Buy,400,29887.0,ZeroPlusTick,5e30616e-1615-4e33-29a8-42299ac80329,1338376,0.01338376,400.0,Regular
2023-07-23T16:00:06.748Z,XBTUSD,Buy,300,29887.0,ZeroPlusTick,3e90c4e5-e222-71a3-3eda-f51af430b03a,1003782,0.01003782,300.0,Regular
2023-07-23T16:00:07.116Z,XBTUSD,Buy,1400,29887.0,ZeroPlusTick,a80025b8-d937-0fc7-fec9-077db6a229a8,4684316,0.04684316,1400.0,Regular
2023-07-23T16:00:07.116Z,XBTUSD,Buy,1100,29887.0,ZeroPlusTick,5ad4584f-d024-f469-539b-d6e10c468a3c,3680534,0.03680534,1100.0,Regular
2023-07-23T16:00:07.116Z,XBTUSD,Buy,100,29887.0,ZeroPlusTick,6956fff3-0dca-bda5-cbc9-28d4eec8e6e1,334594,0.00334594,100.0,Regular
2023-07-23T16:00:07.116Z,XBTUSD,Buy,100,29887.0,ZeroPlusTick,cc15037f-f0ce-a947-fc50-f7bb966fbb30,334594,0.00334594,100.0,Regular
2023-07-23T16:00:07.116Z,XBTUSD,Buy,2000,29887.0,ZeroPlusTick,1ef9bb96-052c-301e-fc63-b7b6d73216f2,6691880,0.0669188,2000.0,Regular
2023-07-23T16:00:07.116Z,XBTUSD,Buy,200,29887.0,ZeroPlusTick,a6c81712-d625-ffe3-fc8d-cbfd2451dfc8,669188,0.00669188,200.0,Regular
2023-07-23T16:00:07.116Z,XBTUSD,Buy,500,29887.0,ZeroPlusTick,3f5aa162-f983-5975-996c-24690feaf6a1,1672970,0.0167297,500.0,Regular
2023-07-23T16:00:07.116Z,XBTUSD,Buy,6700,29888.0,PlusTick,835c3509-39fb-1af2-3831-dbf180f664eb,22416994,0.22416994,6700.0,Regular
2023-07-23T16:00:07.116Z,XBTUSD,Buy,6100,29888.0,ZeroPlusTick,84157254-f414-8b47-294a-a6b7916871db,20409502,0.20409502,6100.0,Regular
2023-07-23T16:00:07.143Z,XBTUSD,Buy,300,29887.0,MinusTick,086b3c0d-63ad-c0b6-555e-37fc2fe8a5c9,1003782,0.01003782,300.0,Regular
2023-07-23T16:00:07.975Z,XBTUSD,Buy,2000,29888.0,PlusTick,43da5869-c88a-a70a-724a-ec89be95ce57,6691640,0.0669164,2000.0,Regular
2023-07-23T16:00:07.975Z,XBTUSD,Buy,7100,29888.0,ZeroPlusTick,d2d34b31-c0c6-4b99-2dd6-912ba672f2c4,23755322,0.23755322,7100.0,Regular
2023-07-23T16:00:07.975Z,XBTUSD,Buy,3600,29888.0,ZeroPlusTick,b372d5ff-6de9-752d-90df-4e051c7da326,12044952,0.12044952,3600.0,Regular
2023-07-23T16:00:08.515Z,XBTUSD,Buy,300,29888.0,ZeroPlusTick,54a2a848-aef6-9e4d-f5d6-cade506ea22c,1003746,0.01003746,300.0,Regular
2023-07-23T16:00:09.890Z,XBTUSD,Buy,300,29888.0,ZeroPlusTick,62fdac37-8d26-b603-a8df-0e0516dfd6f4,1003746,0.01003746,300.0,Regular
2023-07-23T16:00:10.465Z,XBTUSD,Buy,300,29888.0,ZeroPlusTick,f7aaa1a9-4ff9-8c99-a4b1-1c1ab99f1acc,1003746,0.01003746,300.0,Regular
2023-07-23T16:00:10.465Z,XBTUSD,Buy,12400,29888.0,ZeroPlusTick,9ab06465-fe77-2649-e123-c89945dd4bbc,41488168,0.41488168,12400.0,Regular
2023-07-23T16:00:10.744Z,XBTUSD,Buy,2100,29888.0,ZeroPlusTick,acc5ec05-34dc-7264-8a3e-19569b83ea98,7026222,0.07026222,2100.0,Regular
2023-07-23T16:00:10.744Z,XBTUSD,Buy,2000,29888.0,ZeroPlusTick,9d938b88-3533-4587-1ba7-539880a85976,6691640,0.0669164,2000.0,Regular
2023-07-23T16:00:10.744Z,XBTUSD,Buy,7600,29888.0,ZeroPlusTick,e5d56ef0-d7a3-e0bf-ef37-803ab001bd6a,25428232,0.25428232,7600.0,Regular
2023-07-23T16:00:10.744Z,XBTUSD,Buy,2500,29888.0,ZeroPlusTick,5db68538-866b-c33a-f66f-dde9685eca5c,8364550,0.0836455,2500.0,Regular
2023-07-23T16:00:11.850Z,XBTUSD,Buy,300,29888.0,ZeroPlusTick,b011aa81-73b7-0a1f-cbca-3fa4d21359df,1003746,0.01003746,300.0,Regular
2023-07-23T16:00:12.994Z,XBTUSD,Buy,2000,29888.0,ZeroPlusTick,89b86945-394d-51dd-7fea-607de51638e9,6691640,0.0669164,2000.0,Regular
2023-07-23T16:00:12.994Z,XBTUSD,Buy,100,29888.0,ZeroPlusTick,f805b16e-cab3-287a-c36c-d9d85180e945,334582,0.00334582,100.0,Regular
2023-07-23T16:00:13.211Z,XBTUSD,Buy,300,29888.5,PlusTick,98a79318-0f2a-c93b-b86c-4ea30d55b7fc,1003731,0.01003731,300.0,Regular
2023-07-23T16:00:13.268Z,XBTUSD,Buy,4700,29888.5,ZeroPlusTick,f81b8fec-9fb9-4394-5e83-ec045bf46f18,15725119,0.15725119,4700.0,Regular
2023-07-23T16:00:13.268Z,XBTUSD,Buy,7900,29888.5,ZeroPlusTick,84624e78-5d24-c645-1fe6-1342ac6d27f1,26431583,0.26431583,7900.0,Regular
2023-07-23T16:00:13.533Z,XBTUSD,Buy,3700,29888.5,ZeroPlusTick,a5bdef06-ee70-8752-7692-48cde42715e1,12379349,0.12379349,3700.0,Regular
2023-07-23T16:00:13.797Z,XBTUSD,Buy,11100,29888.5,ZeroPlusTick,4f624d75-548c-ed89-40ed-60248aca2e39,37138047,0.37138047,11100.0,Regular
2023-07-23T16:00:13.797Z,XBTUSD,Buy,2000,29888.5,ZeroPlusTick,49486368-71c4-dca0-2a5d-1ef514cf0bc4,6691540,0.0669154,2000.0,Regular
2023-07-23T16:00:13.797Z,XBTUSD,Buy,1100,29888.5,ZeroPlusTick,d647c822-c02f-9f32-bb7f-d6468d19548a,3680347,0.03680347,1100.0,Regular
2023-07-23T16:00:15.795Z,XBTUSD,Buy,12700,29888.5,ZeroPlusTick,afc847c8-05b1-782b-aee6-32c5feda071a,42491279,0.42491279,12700.0,Regular
2023-07-23T16:00:16.056Z,XBTUSD,Buy,3700,29888.5,ZeroPlusTick,ae135809-e8e9-b36c-e78d-b04a6ec281df,12379349,0.12379349,3700.0,Regular
2023-07-23T16:00:17.909Z,XBTUSD,Buy,1900,29888.5,ZeroPlusTick,cf2ef72f-8b6c-a314-4bfa-ea413fd79eb4,6356963,0.06356963,1900.0,Regular
2023-07-23T16:00:17.909Z,XBTUSD,Buy,2000,29888.5,ZeroPlusTick,6ec2fc19-7e11-3fce-c720-7f16feac6f1e,6691540,0.0669154,2000.0,Regular
2023-07-23T16:00:17.909Z,XBTUSD,Buy,10300,29888.5,ZeroPlusTick,608c38f8-834d-2260-7e31-f719aa008acc,34461431,0.34461431,10300.0,Regular
2023-07-23T16:00:18.284Z,XBTUSD,Buy,6100,29888.5,ZeroPlusTick,9922e8a9-b2b8-1937-206d-1909ba0c56ea,20409197,0.20409197,6100.0,Regular
2023-07-23T16:00:18.284Z,XBTUSD,Buy,6500,29888.5,ZeroPlusTick,19f46782-4e21-6ff0-6bff-1657951ca79f,21747505,0.21747505,6500.0,Regular
2023-07-23T16:00:18.708Z,XBTUSD,Buy,3700,29888.5,ZeroPlusTick,c53493d3-7477-f3d0-be1a-04db2f70828a,12379349,0.12379349,3700.0,Regular
2023-07-23T16:00:20.377Z,XBTUSD,Buy,100,29888.5,ZeroPlusTick,233cf06e-e095-c2d0-8426-26fe6a4a5813,334577,0.00334577,100.0,Regular
2023-07-23T16:00:20.377Z,XBTUSD,Buy,200,29888.5,ZeroPlusTick,b44776fe-b0b4-4fc9-b1aa-f190f0ee6874,669154,0.00669154,200.0,Regular
2023-07-23T16:00:20.412Z,XBTUSD,Buy,100,29888.5,ZeroPlusTick,7fe434a4-2a23-8a1f-e2b7-3bec484cfd25,334577,0.00334577,100.0,Regular
2023-07-23T16:00:20.412Z,XBTUSD,Buy,2000,29888.5,ZeroPlusTick,01b9076a-432b-4d82-c009-64fde2978477,6691540,0.0669154,2000.0,Regular
2023-07-23T16:00:20.412Z,XBTUSD,Buy,1900,29888.5,ZeroPlusTick,4d4514d4-c7df-9f7f-386b-d93ff60eff87,6356963,0.06356963,1900.0,Regular
2023-07-23T16:00:20.412Z,XBTUSD,Buy,10000,29889.0,PlusTick,530e9b5b-0c30-4a0f-af4f-0719e2cd7f3c,33457100,0.334571,10000.0,Regular
2023-07-23T16:00:20.412Z,XBTUSD,Buy,200,29889.0,ZeroPlusTick,8238354e-2c6d-dd05-4535-c3e38ca1491e,669142,0.00669142,200.0,Regular
2023-07-23T16:00:20.794Z,XBTUSD,Sell,300,29888.5,MinusTick,4df83668-aeaa-05ab-922e-d62f81a83f5f,1003731,0.01003731,300.0,Regular
2023-07-23T16:00:20.898Z,XBTUSD,Buy,12400,29889.0,PlusTick,5be27487-01cb-cc55-7bf4-153d3140030e,41486804,0.41486804,12400.0,Regular
2023-07-23T16:00:20.898Z,XBTUSD,Buy,300,29889.0,ZeroPlusTick,76b8b091-81fa-17c9-f9c0-9dbc9da8d41d,1003713,0.01003713,300.0,Regular
2023-07-23T16:00:21.217Z,XBTUSD,Buy,3600,29889.0,ZeroPlusTick,d3e4f411-d377-4af9-c962-7ae9b9f5a9ef,12044556,0.12044556,3600.0,Regular
2023-07-23T16:00:21.934Z,XBTUSD,Buy,300,29889.0,ZeroPlusTick,ae50dc54-190b-7aa4-f963-e845dc56f088,1003713,0.01003713,300.0,Regular
2023-07-23T16:00:22.924Z,XBTUSD,Buy,10000,29889.0,ZeroPlusTick,1dcc8a5e-32f7-b8f1-af23-ccd99544069d,33457100,0.334571,10000.0,Regular
2023-07-23T16:00:22.924Z,XBTUSD,Buy,2000,29889.0,ZeroPlusTick,5d365242-e67d-36ac-ce4a-8f27f4d6cc0a,6691420,0.0669142,2000.0,Regular
2023-07-23T16:00:22.924Z,XBTUSD,Buy,2200,29889.0,ZeroPlusTick,cbf8fd43-797c-dc38-2540-9638c04b99b5,7360562,0.07360562,2200.0,Regular
2023-07-23T16:00:24.018Z,XBTUSD,Buy,3700,29889.0,ZeroPlusTick,2d961e1a-e776-d3c3-6f7b-4610580d2d7b,12379127,0.12379127,3700.0,Regular
2023-07-23T16:00:25.434Z,XBTUSD,Buy,14100,29889.0,ZeroPlusTick,029f1c2f-564e-af62-8c2a-5a0444a995a0,47174511,0.47174511,14100.0,Regular
2023-07-23T16:00:26.517Z,XBTUSD,Buy,400,29889.0,ZeroPlusTick,0d524ea1-e26d-9825-2939-5646fe307b4e,1338284,0.01338284,400.0,Regular
2023-07-23T16:00:26.517Z,XBTUSD,Buy,3200,29889.0,ZeroPlusTick,13d32088-6435-6501-3941-37af7a0658ce,10706272,0.10706272,3200.0,Regular
2023-07-23T16:00:28.930Z,XBTUSD,Buy,19000,29889.0,ZeroPlusTick,b99683da-04ce-2a9e-a5a2-7dfa252a7d66,63568490,0.6356849,19000.0,Regular
2023-07-23T16:00:28.930Z,XBTUSD,Buy,2000,29889.0,ZeroPlusTick,3c7692e6-5366-b2eb-69cc-124eeab257aa,6691420,0.0669142,2000.0,Regular
2023-07-23T16:00:28.930Z,XBTUSD,Buy,100,29889.0,ZeroPlusTick,441db9f9-64ee-f7dc-49df-2d1e49fe1b2d,334571,0.00334571,100.0,Regular
2023-07-23T16:00:28.930Z,XBTUSD,Buy,8500,29889.0,ZeroPlusTick,23aa19c1-c702-b25c-eb76-ef91336c517f,28438535,0.28438535,8500.0,Regular
2023-07-23T16:00:30.228Z,XBTUSD,Buy,300,29889.0,ZeroPlusTick,61d4b73b-d725-d79f-85d7-dea0f4c13835,1003713,0.01003713,300.0,Regular
2023-07-23T16:00:35.829Z,XBTUSD,Buy,300,29889.0,ZeroPlusTick,a36d078d-3bda-d8e2-8c72-25dab04f23c9,1003713,0.01003713,300.0,Regular
2023-07-23T16:01:05.620Z,XBTUSD,Buy,200,29889.0,ZeroPlusTick,a9905f9a-e0ac-d54c-bb6d-72aaeb9b1934,669142,0.00669142,200.0,Regular
2023-07-23T16:01:08.508Z,XBTUSD,Buy,300,29889.0,ZeroPlusTick,8cbdabfa-dbbc-8782-7f1a-c6068f35d870,1003713,0.01003713,300.0,Regular
2023-07-23T16:01:12.333Z,XBTUSD,Buy,2000,29889.0,ZeroPlusTick,739cae77-1192-0c22-4876-6ffa9ecebb3a,6691420,0.0669142,2000.0,Regular
2023-07-23T16:01:12.333Z,XBTUSD,Buy,15900,29889.0,ZeroPlusTick,dce5f8d3-7f35-d991-d2b0-935951bc91bf,53196789,0.53196789,15900.0,Regular
2023-07-23T16:01:12.334Z,XBTUSD,Buy,21600,29889.0,ZeroPlusTick,3dc6b7a2-eae3-31c4-926b-e26339c85e86,72267336,0.72267336,21600.0,Regular
2023-07-23T16:01:12.334Z,XBTUSD,Buy,200,29889.0,ZeroPlusTick,5b45e634-6ec5-225e-6cd9-c9d9f9af8a98,669142,0.00669142,200.0,Regular
2023-07-23T16:01:12.334Z,XBTUSD,Buy,10000,29889.0,ZeroPlusTick,874f74ab-85f4-a0e8-67dd-57ca589de870,33457100,0.334571,10000.0,Regular
2023-07-23T16:01:12.351Z,XBTUSD,Buy,200,29890.0,PlusTick,9cd61c51-edca-5054-0173-91c20c6e088d,669120,0.0066912,200.0,Regular
2023-07-23T16:01:12.351Z,XBTUSD,Buy,100,29890.0,ZeroPlusTick,56cb09c6-192d-3f99-a925-8dba3307472a,334560,0.0033456,100.0,Regular
2023-07-23T16:01:12.351Z,XBTUSD,Buy,10000,29890.0,ZeroPlusTick,483c5bb0-7a88-2c9d-ae12-879adc8f08aa,33456000,0.33456,10000.0,Regular
2023-07-23T16:01:12.351Z,XBTUSD,Buy,30600,29890.0,ZeroPlusTick,e1217394-d343-15f3-3eed-5ad7002a097d,102375360,1.0237536,30600.0,Regular
2023-07-23T16:01:12.369Z,XBTUSD,Buy,3300,29890.0,ZeroPlusTick,6baa202b-a9c7-3b11-9ec9-8759366c17b2,11040480,0.1104048,3300.0,Regular
2023-07-23T16:01:12.398Z,XBTUSD,Buy,33000,29891.0,PlusTick,6267a3f2-3f4d-513f-157a-1811c7f990a6,110401170,1.1040117,33000.0,Regular
2023-07-23T16:01:12.407Z,XBTUSD,Buy,21600,29891.0,ZeroPlusTick,b41a7067-f2b6-95e1-f55e-7690cfdca61f,72262584,0.72262584,21600.0,Regular
2023-07-23T16:01:12.407Z,XBTUSD,Buy,100,29891.5,PlusTick,c4b494ac-e551-8e1a-3667-98255e1b53fa,334543,0.00334543,100.0,Regular
2023-07-23T16:01:12.407Z,XBTUSD,Buy,8200,29891.5,ZeroPlusTick,b95d3f71-54e7-0c70-fd5b-cef4992cb287,27432526,0.27432526,8200.0,Regular
2023-07-23T16:01:12.409Z,XBTUSD,Buy,29600,29891.5,ZeroPlusTick,bc692953-9692-5375-eaef-f4fd621d42ab,99024728,0.99024728,29600.0,Regular
2023-07-23T16:01:12.446Z,XBTUSD,Buy,10000,29891.5,ZeroPlusTick,7fbdc157-840f-38c6-4c25-78fe0374084f,33454300,0.334543,10000.0,Regular
2023-07-23T16:01:12.455Z,XBTUSD,Buy,10000,29892.0,PlusTick,4334f9e7-81b9-713e-aa4c-34af13a48d3f,33453800,0.334538,10000.0,Regular
2023-07-23T16:01:12.490Z,XBTUSD,Buy,200,29894.0,PlusTick,86ac3158-a2be-d1c8-020e-781ffc2080d9,669030,0.0066903,200.0,Regular
2023-07-23T16:01:12.490Z,XBTUSD,Buy,200,29894.0,ZeroPlusTick,993a4047-df2e-f1b3-c8af-0a865fab9bff,669030,0.0066903,200.0,Regular
2023-07-23T16:01:12.490Z,XBTUSD,Buy,200,29894.0,ZeroPlusTick,f7b72f52-4136-77b5-d7ec-2b8c16dc0014,669030,0.0066903,200.0,Regular
2023-07-23T16:01:12.490Z,XBTUSD,Buy,1200,29894.0,ZeroPlusTick,ec0b1283-337e-aaed-3665-a964898762df,4014180,0.0401418,1200.0,Regular
2023-07-23T16:01:12.490Z,XBTUSD,Buy,10000,29894.0,ZeroPlusTick,9cecfaf7-f9bd-8cd3-ccb4-4e10ed7b5407,33451500,0.334515,10000.0,Regular
2023-07-23T16:01:12.490Z,XBTUSD,Buy,200,29895.0,PlusTick,b8b9a74a-897b-a192-d243-25de8ebfe33f,669008,0.00669008,200.0,Regular
2023-07-23T16:01:12.490Z,XBTUSD,Buy,200,29895.0,ZeroPlusTick,00c36b61-9c24-ed48-4f4e-2970be1cf439,669008,0.00669008,200.0,Regular
2023-07-23T16:01:12.490Z,XBTUSD,Buy,1200,29895.0,ZeroPlusTick,e2045944-855a-3239-e7a8-10bc0c0bd342,4014048,0.04014048,1200.0,Regular
2023-07-23T16:01:13.000Z,XBTUSD,Buy,6000,29895.0,ZeroPlusTick,368b7155-c07d-38a6-3cf2-2add493dfdb3,20070240,0.2007024,6000.0,Regular
2023-07-23T16:01:18.078Z,XBTUSD,Buy,2500,29895.0,ZeroPlusTick,b279b80b-00dc-2383-6ce1-f77f2c3648b6,8362600,0.083626,2500.0,Regular
2023-07-23T16:01:18.355Z,XBTUSD,Buy,300,29895.0,ZeroPlusTick,cf8ae725-1931-569a-f053-a7c27ce88e1d,1003512,0.01003512,300.0,Regular
2023-07-23T16:01:19.719Z,XBTUSD,Buy,300,29895.0,ZeroPlusTick,983b90c5-0665-ad42-3e46-67181f03dc17,1003512,0.01003512,300.0,Regular
2023-07-23T16:01:25.185Z,XBTUSD,Buy,300,29895.0,ZeroPlusTick,e31c3233-fa22-b722-0f52-f0494bc80567,1003512,0.01003512,300.0,Regular
2023-07-23T16:01:25.783Z,XBTUSD,Buy,3800,29895.0,ZeroPlusTick,50eb6a20-9a96-3820-c16c-41c9adebd52d,12711152,0.12711152,3800.0,Regular
2023-07-23T16:01:26.561Z,XBTUSD,Buy,300,29895.0,ZeroPlusTick,45ddd5d4-9933-1d8f-9632-f47a0ce1cffe,1003512,0.01003512,300.0,Regular
2023-07-23T16:01:30.132Z,XBTUSD,Buy,300,29895.0,ZeroPlusTick,0ee2e79c-c1bb-1693-66b0-880c7137c1f6,1003512,0.01003512,300.0,Regular
2023-07-23T16:01:31.516Z,XBTUSD,Buy,300,29895.0,ZeroPlusTick,43fc326e-1960-cca6-1923-d56735e874c4,1003512,0.01003512,300.0,Regular
2023-07-23T16:01:49.088Z,XBTUSD,Buy,300,29895.0,ZeroPlusTick,a4baa257-fb55-3617-b3b3-95168d313520,1003512,0.01003512,300.0,Regular
2023-07-23T16:01:53.364Z,XBTUSD,Buy,300,29895.0,ZeroPlusTick,586f9f3a-bde2-ca07-a4a7-ecf286793067,1003512,0.01003512,300.0,Regular
2023-07-23T16:01:54.799Z,XBTUSD,Buy,300,29895.0,ZeroPlusTick,eab71856-9080-60f6-83bf-f03d3fce6bf2,1003512,0.01003512,300.0,Regular
2023-07-23T16:02:03.241Z,XBTUSD,Buy,300,29895.0,ZeroPlusTick,d980b505-62c2-0b9b-03ae-bbca536828ae,1003512,0.01003512,300.0,Regular
2023-07-23T16:02:26.009Z,XBTUSD,Buy,300,29895.0,ZeroPlusTick,c6ef0b23-c735-66a1-0b7a-9aa635343550,1003512,0.01003512,300.0,Regular
2023-07-23T16:02:39.195Z,XBTUSD,Buy,500,29895.0,ZeroPlusTick,2d325191-7e00-9aba-28a9-237ba2cc9e9a,1672520,0.0167252,500.0,Regular
2023-07-23T16:02:39.195Z,XBTUSD,Buy,400,29895.0,ZeroPlusTick,156d4490-c40c-1cc3-36b3-dd1761c8b587,1338016,0.01338016,400.0,Regular
2023-07-23T16:02:39.195Z,XBTUSD,Buy,100,29895.0,ZeroPlusTick,8855b386-8921-f83b-4e08-b46496f5a8af,334504,0.00334504,100.0,Regular
2023-07-23T16:02:44.729Z,XBTUSD,Buy,300,29895.0,ZeroPlusTick,d63addb4-900e-30ff-29fd-b610cf569aca,1003512,0.01003512,300.0,Regular
2023-07-23T16:02:47.158Z,XBTUSD,Buy,2000,29895.0,ZeroPlusTick,51a972f4-9f0f-f8a1-318a-9c789a995a93,6690080,0.0669008,2000.0,Regular
2023-07-23T16:02:47.158Z,XBTUSD,Buy,100,29895.0,ZeroPlusTick,1442f353-7048-ca71-2655-357bc513ed98,334504,0.00334504,100.0,Regular
2023-07-23T16:02:47.259Z,XBTUSD,Buy,2000,29895.5,PlusTick,9dc72d38-ab71-e89b-437e-d89128e68aa9,6689980,0.0668998,2000.0,Regular
2023-07-23T16:02:52.898Z,XBTUSD,Buy,300,29896.0,PlusTick,db1e968f-c0b9-ca59-7994-d9c4d4aea7ff,1003479,0.01003479,300.0,Regular
2023-07-23T16:02:55.235Z,XBTUSD,Buy,1000,29896.0,ZeroPlusTick,85336df9-afb9-d512-d6ee-1116df5999a7,3344930,0.0334493,1000.0,Regular
2023-07-23T16:03:05.792Z,XBTUSD,Buy,300,29896.0,ZeroPlusTick,f45e312a-567a-6454-f4d8-d1f4d9a55329,1003479,0.01003479,300.0,Regular
2023-07-23T16:03:11.191Z,XBTUSD,Buy,8400,29896.0,ZeroPlusTick,46814ca5-c498-3192-c178-57e345ac2681,28097412,0.28097412,8400.0,Regular
2023-07-23T16:03:11.191Z,XBTUSD,Buy,2000,29896.0,ZeroPlusTick,bad4d4d8-7085-ce77-6d8d-ce7db62413bd,6689860,0.0668986,2000.0,Regular
2023-07-23T16:03:11.191Z,XBTUSD,Buy,100,29896.0,ZeroPlusTick,b863c283-9583-3a95-f3f7-1d1f13121367,334493,0.00334493,100.0,Regular
2023-07-23T16:03:21.547Z,XBTUSD,Sell,100,29898.5,PlusTick,e4159b1f-9851-5e29-8315-62e959a187f0,334465,0.00334465,100.0,Regular
2023-07-23T16:03:22.775Z,XBTUSD,Buy,300,29899.0,PlusTick,c3f417fd-ecf1-1d0b-f964-aa6d42e6ffa0,1003377,0.01003377,300.0,Regular
2023-07-23T16:03:40.784Z,XBTUSD,Buy,300,29899.0,ZeroPlusTick,54669acd-8f36-0336-cb42-364b6c709e57,1003377,0.01003377,300.0,Regular
2023-07-23T16:03:43.081Z,XBTUSD,Buy,300,29899.0,ZeroPlusTick,fd3be2fc-450d-1a01-0a14-51a2c502d823,1003377,0.01003377,300.0,Regular
2023-07-23T16:03:44.644Z,XBTUSD,Buy,300,29899.0,ZeroPlusTick,998af3e7-6b5f-abf7-8139-fa47855840b1,1003377,0.01003377,300.0,Regular
2023-07-23T16:03:56.431Z,XBTUSD,Buy,300,29899.0,ZeroPlusTick,ac444884-ce7e-9de5-3c07-03c894cdc13a,1003377,0.01003377,300.0,Regular
2023-07-23T16:04:03.968Z,XBTUSD,Buy,300,29899.0,ZeroPlusTick,3dcec325-ad43-ad85-b5ac-423926897ae7,1003377,0.01003377,300.0,Regular
2023-07-23T16:04:17.218Z,XBTUSD,Buy,200,29899.0,ZeroPlusTick,c9ef6b5a-011e-926b-2ce8-e371fd9dc9a2,668918,0.00668918,200.0,Regular
2023-07-23T16:04:17.218Z,XBTUSD,Buy,100,29899.0,ZeroPlusTick,d4ccaf14-a425-9b47-82d3-3e9af6aed24b,334459,0.00334459,100.0,Regular
2023-07-23T16:04:34.102Z,XBTUSD,Buy,2500,29899.0,ZeroPlusTick,981b9fcd-d86f-ad4f-140b-f371f80c9d99,8361475,0.08361475,2500.0,Regular
2023-07-23T16:04:35.218Z,XBTUSD,Buy,2500,29899.0,ZeroPlusTick,aff4e831-7184-9c32-848c-239ea025e7a8,8361475,0.08361475,2500.0,Regular
2023-07-23T16:04:48.470Z,XBTUSD,Buy,39400,29899.0,ZeroPlusTick,154db8ff-070a-8cd1-5c21-ac428197c18e,131776846,1.31776846,39400.0,Regular
2023-07-23T16:04:48.470Z,XBTUSD,Buy,7500,29899.0,ZeroPlusTick,79a7c542-6c95-5483-bf67-1e43bace63b1,25084425,0.25084425,7500.0,Regular
2023-07-23T16:04:48.470Z,XBTUSD,Buy,23800,29899.0,ZeroPlusTick,9e927797-273e-df73-753e-e84ba29385e3,79601242,0.79601242,23800.0,Regular
2023-07-23T16:04:48.470Z,XBTUSD,Buy,35500,29899.0,ZeroPlusTick,c77f5e4c-bc80-e6b2-d8c5-6aebdb066493,118732945,1.18732945,35500.0,Regular
2023-07-23T16:04:48.470Z,XBTUSD,Buy,37500,29899.0,ZeroPlusTick,c73cd038-126a-75a0-5122-09c072fc342e,125422125,1.25422125,37500.0,Regular
2023-07-23T16:04:48.470Z,XBTUSD,Buy,37500,29899.0,ZeroPlusTick,0c19a89f-1661-f815-c161-c8dcfa6c6c1a,125422125,1.25422125,37500.0,Regular
2023-07-23T16:04:48.470Z,XBTUSD,Buy,8800,29899.0,ZeroPlusTick,f984d712-bec1-17b9-e5a3-0fe5c60a8fcb,29432392,0.29432392,8800.0,Regular
2023-07-23T16:05:08.887Z,XBTUSD,Buy,56800,29899.0,ZeroPlusTick,9cdfc462-4e8b-be1d-ca19-a54a6371747e,189972712,1.89972712,56800.0,Regular
2023-07-23T16:05:08.887Z,XBTUSD,Buy,2000,29899.0,ZeroPlusTick,0588af47-b4fe-1c1e-9bf5-ec416468c8da,6689180,0.0668918,2000.0,Regular
2023-07-23T16:05:08.887Z,XBTUSD,Buy,1800,29899.0,ZeroPlusTick,b53a3761-3cf3-f94a-df7a-f8067ea20386,6020262,0.06020262,1800.0,Regular
2023-07-23T16:05:08.887Z,XBTUSD,Buy,100,29899.0,ZeroPlusTick,1f5d29ab-51c0-698f-e358-9e42c20db483,334459,0.00334459,100.0,Regular
2023-07-23T16:05:08.887Z,XBTUSD,Buy,100,29899.5,PlusTick,0a71686a-e712-f36e-3c31-b16df1cf2fcc,334454,0.00334454,100.0,Regular
2023-07-23T16:05:08.887Z,XBTUSD,Buy,200,29899.5,ZeroPlusTick,d5ee276d-ac19-2d28-594f-0808dd28f2e1,668908,0.00668908,200.0,Regular
2023-07-23T16:05:08.887Z,XBTUSD,Buy,100,29900.0,PlusTick,db48c9d0-a9b1-e531-d2ce-b4bc6b3ef9c1,334448,0.00334448,100.0,Regular
2023-07-23T16:05:08.887Z,XBTUSD,Buy,200,29900.0,ZeroPlusTick,3efc9309-84d8-b70a-8706-765aa82f7180,668896,0.00668896,200.0,Regular
2023-07-23T16:05:14.117Z,XBTUSD,Buy,300,29900.5,PlusTick,de87db40-822a-a4f3-f1f9-d952fc0c7194,1003329,0.01003329,300.0,Regular
2023-07-23T16:05:15.479Z,XBTUSD,Buy,300,29900.5,ZeroPlusTick,e1846db6-213c-eb26-cff4-4b8d332bb739,1003329,0.01003329,300.0,Regular
2023-07-23T16:05:21.157Z,XBTUSD,Buy,23800,29900.5,ZeroPlusTick,a66d9db5-66d5-aed5-fdb1-d0eaac07d9c7,79597434,0.79597434,23800.0,Regular
2023-07-23T16:05:21.157Z,XBTUSD,Buy,54900,29900.5,ZeroPlusTick,a39e768c-0b27-226d-0261-2e3259e76eb2,183609207,1.83609207,54900.0,Regular
2023-07-23T16:05:41.490Z,XBTUSD,Buy,300,29900.5,ZeroPlusTick,46ee9d9c-cdc9-68e4-815f-0087bd55d8df,1003329,0.01003329,300.0,Regular
2023-07-23T16:05:51.182Z,XBTUSD,Buy,300,29900.5,ZeroPlusTick,5ee71cf3-6437-2985-cce6-f436f6f63215,1003329,0.01003329,300.0,Regular
2023-07-23T16:05:53.264Z,XBTUSD,Buy,300,29900.5,ZeroPlusTick,b53d5633-5ddf-53c0-024c-00aff9897d33,1003329,0.01003329,300.0,Regular
2023-07-23T16:05:54.628Z,XBTUSD,Buy,300,29900.5,ZeroPlusTick,166ac1ba-cd52-5998-330b-daf5ae885acc,1003329,0.01003329,300.0,Regular
2023-07-23T16:05:56.924Z,XBTUSD,Buy,300,29900.5,ZeroPlusTick,544f0708-8906-98bf-9a96-df19eb2d8b78,1003329,0.01003329,300.0,Regular
2023-07-23T16:06:01.489Z,XBTUSD,Buy,2200,29900.5,ZeroPlusTick,823a6cf4-a801-1603-9284-e72d145a7dc5,7357746,0.07357746,2200.0,Regular
2023-07-23T16:06:04.069Z,XBTUSD,Buy,300,29900.5,ZeroPlusTick,26ed0a2a-7bbb-3244-9279-39301e1dd9fd,1003329,0.01003329,300.0,Regular
2023-07-23T16:06:05.433Z,XBTUSD,Buy,300,29900.5,ZeroPlusTick,c33028dd-76a6-3a47-4456-8b53f8ba319c,1003329,0.01003329,300.0,Regular
2023-07-23T16:06:08.148Z,XBTUSD,Buy,2200,29900.5,ZeroPlusTick,e2d2c76e-98d7-cb82-6b29-c013a76e8863,7357746,0.07357746,2200.0,Regular
2023-07-23T16:06:09.317Z,XBTUSD,Buy,300,29900.5,ZeroPlusTick,ac7cb71f-a014-7312-3e54-0f530a4d8f8b,1003329,0.01003329,300.0,Regular
2023-07-23T16:06:10.675Z,XBTUSD,Buy,300,29900.5,ZeroPlusTick,dcf51c54-8708-fb87-b7d7-652587752273,1003329,0.01003329,300.0,Regular
2023-07-23T16:06:13.090Z,XBTUSD,Buy,5000,29900.5,ZeroPlusTick,65b5599f-5053-f08a-d21a-535682e46b66,16722150,0.1672215,5000.0,Regular
2023-07-23T16:06:13.371Z,XBTUSD,Buy,300,29900.5,ZeroPlusTick,f313a2ba-c9e6-fe3b-4a1a-76e483b23d36,1003329,0.01003329,300.0,Regular
2023-07-23T16:06:15.483Z,XBTUSD,Buy,5000,29900.5,ZeroPlusTick,29f2538f-1ae4-ebc8-a2a6-3ce9469df2da,16722150,0.1672215,5000.0,Regular
2023-07-23T16:06:16.812Z,XBTUSD,Buy,300,29900.5,ZeroPlusTick,b1db6630-a644-1ba3-3714-60310b6e629c,1003329,0.01003329,300.0,Regular
2023-07-23T16:06:19.462Z,XBTUSD,Buy,7800,29900.5,ZeroPlusTick,dc9abfc5-79cd-7610-5876-f38fef43f4c3,26086554,0.26086554,7800.0,Regular
2023-07-23T16:06:19.462Z,XBTUSD,Buy,9000,29900.5,ZeroPlusTick,31b547f0-f817-a8eb-447f-72afd563b19a,30099870,0.3009987,9000.0,Regular
2023-07-23T16:06:19.462Z,XBTUSD,Buy,100,29900.5,ZeroPlusTick,84939165-ab4c-bc8f-f4df-67ed4ec953a0,334443,0.00334443,100.0,Regular
2023-07-23T16:06:26.227Z,XBTUSD,Buy,300,29901.0,PlusTick,3b5b5e5c-13da-ee10-fe70-b90545ff6e72,1003311,0.01003311,300.0,Regular
2023-07-23T16:06:29.429Z,XBTUSD,Buy,300,29901.0,ZeroPlusTick,24c16011-c063-5729-0ce1-7cee25b72da8,1003311,0.01003311,300.0,Regular
2023-07-23T16:06:30.797Z,XBTUSD,Buy,300,29901.0,ZeroPlusTick,001269b9-fbb8-8f5c-6175-3ecf1e67a414,1003311,0.01003311,300.0,Regular
2023-07-23T16:06:34.262Z,XBTUSD,Buy,300,29901.0,ZeroPlusTick,accd6058-304f-4dac-7d17-6f2dd09ab973,1003311,0.01003311,300.0,Regular
2023-07-23T16:06:37.525Z,XBTUSD,Buy,300,29901.0,ZeroPlusTick,8155d4ac-6c17-9467-3cf1-321d2ed1f053,1003311,0.01003311,300.0,Regular
2023-07-23T16:06:41.195Z,XBTUSD,Buy,300,29901.0,ZeroPlusTick,b14eb3b9-343c-b433-dd1d-95dd99d347cf,1003311,0.01003311,300.0,Regular
2023-07-23T16:06:44.523Z,XBTUSD,Buy,300,29901.0,ZeroPlusTick,112f9be9-f39a-0262-ddea-99d69efd0a4c,1003311,0.01003311,300.0,Regular
2023-07-23T16:06:47.256Z,XBTUSD,Buy,37900,29901.0,ZeroPlusTick,5b981860-2da3-e35b-e875-50965175a5da,126751623,1.26751623,37900.0,Regular
2023-07-23T16:06:47.256Z,XBTUSD,Buy,2000,29901.0,ZeroPlusTick,b2ef77d2-d8b3-25be-5585-e643f51999a4,6688740,0.0668874,2000.0,Regular
2023-07-23T16:06:47.256Z,XBTUSD,Buy,2200,29901.0,ZeroPlusTick,2f3f0eb9-d19f-9723-aa28-53f1055d1ebf,7357614,0.07357614,2200.0,Regular
2023-07-23T16:06:47.256Z,XBTUSD,Buy,12500,29901.0,ZeroPlusTick,bb7a6fcb-fc95-564c-75e8-0822c1cb58a0,41804625,0.41804625,12500.0,Regular
2023-07-23T16:06:47.256Z,XBTUSD,Buy,7000,29901.0,ZeroPlusTick,28b24a57-76d4-cdc7-ced9-5274ba9e5746,23410590,0.2341059,7000.0,Regular
2023-07-23T16:06:47.572Z,XBTUSD,Buy,300,29902.0,PlusTick,bb61718f-ebef-e4b7-4756-6efd15a2d939,1003278,0.01003278,300.0,Regular
2023-07-23T16:06:48.828Z,XBTUSD,Buy,700,29902.0,ZeroPlusTick,569282a2-cb46-fdd1-a1c9-70ccc11b6450,2340982,0.02340982,700.0,Regular
2023-07-23T16:06:48.828Z,XBTUSD,Buy,500,29902.0,ZeroPlusTick,b1a957ac-ef74-08cd-4b13-7ff98ea9bf38,1672130,0.0167213,500.0,Regular
2023-07-23T16:06:48.948Z,XBTUSD,Buy,300,29903.0,PlusTick,3d933258-28e9-a14f-f0f4-c96a096b5c09,1003245,0.01003245,300.0,Regular
2023-07-23T16:06:49.912Z,XBTUSD,Buy,1700,29903.0,ZeroPlusTick,6e5ee780-8bb3-880b-5f37-7f8300799865,5685055,0.05685055,1700.0,Regular
2023-07-23T16:06:50.302Z,XBTUSD,Buy,200,29903.5,PlusTick,9340df79-9186-afbc-0cc5-8618b50066d9,668818,0.00668818,200.0,Regular
2023-07-23T16:06:50.302Z,XBTUSD,Buy,100,29905.0,PlusTick,afecab98-e1d0-c548-510d-ecfeaf88d877,334392,0.00334392,100.0,Regular
2023-07-23T16:06:50.440Z,XBTUSD,Buy,100,29905.0,ZeroPlusTick,35b9bfd6-df89-8d08-8e42-f94a3ec6f4d4,334392,0.00334392,100.0,Regular
2023-07-23T16:06:50.440Z,XBTUSD,Buy,400,29905.0,ZeroPlusTick,a7f95ec2-a2e4-ae10-3103-03251ca4a4e7,1337568,0.01337568,400.0,Regular
2023-07-23T16:06:50.444Z,XBTUSD,Buy,100,29905.0,ZeroPlusTick,591e944a-35f8-4e3c-e516-10c6bc09945e,334392,0.00334392,100.0,Regular
2023-07-23T16:06:51.891Z,XBTUSD,Sell,700,29904.5,MinusTick,bebc7e3e-2114-d38c-2784-cb95b7fbb3ef,2340786,0.02340786,700.0,Regular
2023-07-23T16:06:52.930Z,XBTUSD,Sell,500,29904.5,ZeroMinusTick,5b650d53-0e91-556a-3644-b69bb73ca179,1671990,0.0167199,500.0,Regular
2023-07-23T16:06:53.533Z,XBTUSD,Buy,300,29905.0,PlusTick,66dcf275-04e0-e001-c855-690707bc201b,1003176,0.01003176,300.0,Regular
2023-07-23T16:06:53.965Z,XBTUSD,Sell,900,29904.5,MinusTick,5f0199a3-2b84-2b48-d00f-ec254df58276,3009582,0.03009582,900.0,Regular
2023-07-23T16:06:54.890Z,XBTUSD,Buy,200,29905.0,PlusTick,7fe6b979-1be2-4559-be49-f7b17a3daa20,668784,0.00668784,200.0,Regular
2023-07-23T16:06:54.890Z,XBTUSD,Buy,100,29907.0,PlusTick,61a61e6a-3295-bb78-5279-8ff09a7ec15e,334370,0.0033437,100.0,Regular
2023-07-23T16:06:59.229Z,XBTUSD,Buy,300,29907.0,ZeroPlusTick,3d77e581-690e-3c90-9057-e231f5c00fe7,1003110,0.0100311,300.0,Regular
2023-07-23T16:07:00.580Z,XBTUSD,Buy,300,29907.0,ZeroPlusTick,a0049e03-d33d-4eb2-3505-08048b2fdd8b,1003110,0.0100311,300.0,Regular
2023-07-23T16:07:01.945Z,XBTUSD,Buy,300,29907.0,ZeroPlusTick,4717be9d-9cec-9ca0-249f-f7f83cd4e867,1003110,0.0100311,300.0,Regular
2023-07-23T16:07:03.775Z,XBTUSD,Buy,300,29907.0,ZeroPlusTick,0aa4d4b5-7224-42e7-aebc-a36062944fd5,1003110,0.0100311,300.0,Regular
2023-07-23T16:07:06.611Z,XBTUSD,Buy,300,29907.0,ZeroPlusTick,46b4b2a2-3baf-d101-f315-80aa117e86ef,1003110,0.0100311,300.0,Regular
2023-07-23T16:07:07.976Z,XBTUSD,Buy,100,29907.5,PlusTick,233b9941-1236-0a15-dee1-1b663958f11c,334364,0.00334364,100.0,Regular
2023-07-23T16:07:07.976Z,XBTUSD,Buy,200,29907.5,ZeroPlusTick,d96572a8-0b42-1547-69c1-a256f3388bd0,668728,0.00668728,200.0,Regular
2023-07-23T16:07:09.337Z,XBTUSD,Buy,300,29907.5,ZeroPlusTick,28df42be-bce1-2b99-0a30-f66d20fd4dd0,1003092,0.01003092,300.0,Regular
2023-07-23T16:07:13.213Z,XBTUSD,Buy,100,29907.5,ZeroPlusTick,94f8d18c-ca48-eea7-663f-0d10dec71044,334364,0.00334364,100.0,Regular
2023-07-23T16:07:13.213Z,XBTUSD,Buy,200,29907.5,ZeroPlusTick,c93a9ef3-b58b-32f2-b536-eeffefbc3d61,668728,0.00668728,200.0,Regular
2023-07-23T16:07:20.501Z,XBTUSD,Buy,2200,29907.5,ZeroPlusTick,c468cf9d-686a-18a4-46cd-dd261967369d,7356008,0.07356008,2200.0,Regular
2023-07-23T16:07:24.206Z,XBTUSD,Buy,200,29907.5,ZeroPlusTick,54f01050-2540-c95d-926b-9bb43e9b7a78,668728,0.00668728,200.0,Regular
2023-07-23T16:07:24.206Z,XBTUSD,Buy,2000,29907.5,ZeroPlusTick,eb94eb6f-13f6-595b-d640-a3c6760a625c,6687280,0.0668728,2000.0,Regular
2023-07-23T16:07:33.541Z,XBTUSD,Buy,500,29907.5,ZeroPlusTick,afa0e754-711a-6648-7255-bb41e3e68a4e,1671820,0.0167182,500.0,Regular
2023-07-23T16:07:35.486Z,XBTUSD,Buy,500,29907.5,ZeroPlusTick,f8379248-5e7f-a20b-bf90-620eab98c20c,1671820,0.0167182,500.0,Regular
2023-07-23T16:07:37.882Z,XBTUSD,Buy,500,29907.5,ZeroPlusTick,6e1a3385-d36d-9fdc-320b-5a38ca495e39,1671820,0.0167182,500.0,Regular
2023-07-23T16:07:46.403Z,XBTUSD,Buy,311300,29907.5,ZeroPlusTick,086d6533-3a64-8936-124c-2f8b27cd0aa5,1040875132,10.40875132,311300.0,Regular
2023-07-23T16:07:46.404Z,XBTUSD,Buy,5200,29907.5,ZeroPlusTick,09153d90-b33f-3407-b7df-b285ae0412fa,17386928,0.17386928,5200.0,Regular
2023-07-23T16:07:46.404Z,XBTUSD,Buy,37400,29907.5,ZeroPlusTick,d247ccfc-e9de-bcfc-8972-b6f7097e3788,125052136,1.25052136,37400.0,Regular
2023-07-23T16:07:46.410Z,XBTUSD,Buy,100,29907.5,ZeroPlusTick,f15c4c39-e900-7b6e-5718-c5a070651fff,334364,0.00334364,100.0,Regular
2023-07-23T16:07:46.419Z,XBTUSD,Buy,54100,29909.0,PlusTick,b624507d-4d7b-d68f-25a0-76a56d4b898e,180882268,1.80882268,54100.0,Regular
2023-07-23T16:07:46.425Z,XBTUSD,Buy,1800,29909.0,ZeroPlusTick,82011c88-4517-c2c6-fa23-59f284a09fe6,6018264,0.06018264,1800.0,Regular
2023-07-23T16:07:46.425Z,XBTUSD,Buy,200,29910.0,PlusTick,214bec8f-66ac-e449-82d8-b4dff963822a,668672,0.00668672,200.0,Regular
2023-07-23T16:07:46.425Z,XBTUSD,Buy,300,29910.0,ZeroPlusTick,478f830d-a54b-b652-eae8-4554e6d9f58e,1003008,0.01003008,300.0,Regular
2023-07-23T16:07:46.425Z,XBTUSD,Buy,2000,29910.0,ZeroPlusTick,d83b06a2-59ff-1a25-3f32-1033d2337e06,6686720,0.0668672,2000.0,Regular
2023-07-23T16:07:46.425Z,XBTUSD,Buy,2000,29910.0,ZeroPlusTick,6dab7ca6-4b6e-850c-8528-7750db25dff7,6686720,0.0668672,2000.0,Regular
2023-07-23T16:07:46.425Z,XBTUSD,Buy,2000,29910.0,ZeroPlusTick,91c1da47-b52d-3da4-bafb-8dd5ad927a43,6686720,0.0668672,2000.0,Regular
2023-07-23T16:07:46.425Z,XBTUSD,Buy,100,29910.5,PlusTick,336981c5-39fa-f9b7-b4e4-8af4f9f46154,334331,0.00334331,100.0,Regular
2023-07-23T16:07:46.425Z,XBTUSD,Buy,1000,29911.5,PlusTick,a0e2bbb5-48d5-4ce9-be94-afd6f4a96101,3343200,0.033432,1000.0,Regular
2023-07-23T16:07:46.425Z,XBTUSD,Buy,6700,29911.5,ZeroPlusTick,1afde499-cd62-4b5f-9433-929c63b1a38d,22399440,0.2239944,6700.0,Regular
2023-07-23T16:07:46.425Z,XBTUSD,Buy,8800,29911.5,ZeroPlusTick,1a8f2d20-d804-5bd2-ceba-7989b4b54ae9,29420160,0.2942016,8800.0,Regular
2023-07-23T16:07:46.437Z,XBTUSD,Buy,64400,29912.0,PlusTick,12fb7821-f16f-ed62-4526-16f64ff2d386,215298216,2.15298216,64400.0,Regular
2023-07-23T16:07:46.452Z,XBTUSD,Buy,16300,29912.0,ZeroPlusTick,f885b8e2-a7b8-c500-fb82-b2a027c37109,54493182,0.54493182,16300.0,Regular
2023-07-23T16:07:46.455Z,XBTUSD,Buy,24100,29912.0,ZeroPlusTick,38a9224e-4873-ad6e-fae4-08e1c909b60a,80569674,0.80569674,24100.0,Regular
2023-07-23T16:07:46.484Z,XBTUSD,Buy,22600,29912.0,ZeroPlusTick,bb775cfb-a8ab-6c3e-62b5-17e8c5a9a544,75554964,0.75554964,22600.0,Regular
2023-07-23T16:07:46.491Z,XBTUSD,Buy,55900,29912.0,ZeroPlusTick,10bce9de-0d30-08d7-b7c5-063062e0c38b,186881526,1.86881526,55900.0,Regular
2023-07-23T16:07:46.502Z,XBTUSD,Buy,33300,29912.0,ZeroPlusTick,250d84c9-eb54-3830-0ccf-a5b81213e0a6,111326562,1.11326562,33300.0,Regular
2023-07-23T16:07:46.545Z,XBTUSD,Buy,66700,29912.0,ZeroPlusTick,bb7e0b2c-5dec-148f-de6d-0c084b4aa25d,222987438,2.22987438,66700.0,Regular
2023-07-23T16:07:46.559Z,XBTUSD,Buy,36700,29912.0,ZeroPlusTick,d237f618-0dfd-411e-64b1-be06c00cffb4,122693238,1.22693238,36700.0,Regular
2023-07-23T16:07:46.584Z,XBTUSD,Buy,1000,29913.5,PlusTick,5069fbb7-21cb-57a9-3c9d-77cc8ac2552c,3342970,0.0334297,1000.0,Regular
2023-07-23T16:07:46.588Z,XBTUSD,Buy,2400,29913.5,ZeroPlusTick,fd9f259e-5b4e-1b08-618a-49dcd5d9836e,8023128,0.08023128,2400.0,Regular
2023-07-23T16:07:46.628Z,XBTUSD,Buy,3400,29913.5,ZeroPlusTick,78669d5d-72f8-1ffc-c4eb-850d7c89c6e9,11366098,0.11366098,3400.0,Regular
2023-07-23T16:07:46.654Z,XBTUSD,Buy,200,29915.0,PlusTick,b3706a7a-e860-390b-74d7-6fefdd26dbaa,668560,0.0066856,200.0,Regular
2023-07-23T16:07:46.654Z,XBTUSD,Buy,2000,29915.0,ZeroPlusTick,3dcee3ca-bc2b-7c47-654b-4f849339badc,6685600,0.066856,2000.0,Regular
2023-07-23T16:07:46.668Z,XBTUSD,Buy,8000,29915.0,ZeroPlusTick,7b386dd8-ac75-3056-43dd-c6d34197d46c,26742400,0.267424,8000.0,Regular
2023-07-23T16:07:46.668Z,XBTUSD,Buy,2000,29915.0,ZeroPlusTick,15476a5a-1b1e-def2-f6dd-0eb024a9be9e,6685600,0.066856,2000.0,Regular
2023-07-23T16:07:46.668Z,XBTUSD,Buy,100,29915.0,ZeroPlusTick,36f03e5f-5403-fa49-3a44-442d0a2f9ffa,334280,0.0033428,100.0,Regular
2023-07-23T16:07:46.671Z,XBTUSD,Buy,1500,29915.0,ZeroPlusTick,be5b1396-97e4-426a-62d2-ba0968c93bd9,5014200,0.050142,1500.0,Regular
2023-07-23T16:07:46.685Z,XBTUSD,Buy,400,29915.0,ZeroPlusTick,39efa93b-cb91-73ef-2453-d2074bfb35dc,1337120,0.0133712,400.0,Regular
2023-07-23T16:07:46.685Z,XBTUSD,Buy,2000,29915.0,ZeroPlusTick,45202626-9538-ce81-6d75-03339a8f74e5,6685600,0.066856,2000.0,Regular
2023-07-23T16:07:46.685Z,XBTUSD,Buy,100,29915.0,ZeroPlusTick,601c5a79-7145-59e7-1ba1-f53782cdfe45,334280,0.0033428,100.0,Regular
2023-07-23T16:07:46.685Z,XBTUSD,Buy,300,29915.5,PlusTick,dff0bfb4-2178-d2b9-78d2-17bd7eb641e7,1002825,0.01002825,300.0,Regular
2023-07-23T16:07:46.709Z,XBTUSD,Buy,5200,29915.5,ZeroPlusTick,34f89cff-85e4-e700-bb0b-f0de340bf270,17382300,0.173823,5200.0,Regular
2023-07-23T16:07:46.714Z,XBTUSD,Buy,500,29915.5,ZeroPlusTick,fff9c3c4-68eb-ebbd-2945-61847813eb46,1671375,0.01671375,500.0,Regular
2023-07-23T16:07:46.718Z,XBTUSD,Buy,2800,29915.5,ZeroPlusTick,192e486b-8677-ebbb-890a-e77fa4e1c0cf,9359700,0.093597,2800.0,Regular
2023-07-23T16:07:46.718Z,XBTUSD,Buy,1600,29916.5,PlusTick,245ee67d-3981-8778-ab11-64a6ee6a01c3,5348224,0.05348224,1600.0,Regular
2023-07-23T16:07:46.727Z,XBTUSD,Buy,6400,29916.5,ZeroPlusTick,3e8fcc67-53f7-29cf-4723-5e421eb46a8d,21392896,0.21392896,6400.0,Regular
2023-07-23T16:07:46.727Z,XBTUSD,Buy,3100,29917.0,PlusTick,1087eac5-78c6-bf1c-98fa-fca902169388,10361998,0.10361998,3100.0,Regular
2023-07-23T16:07:46.727Z,XBTUSD,Buy,15500,29917.0,ZeroPlusTick,74b12e14-4b32-e973-2d6a-f3a5e0890d02,51809990,0.5180999,15500.0,Regular
2023-07-23T16:07:46.801Z,XBTUSD,Buy,2200,29916.5,MinusTick,f75b8322-7c55-940b-02b8-2c131a2494a3,7353808,0.07353808,2200.0,Regular
2023-07-23T16:07:46.801Z,XBTUSD,Buy,3800,29918.0,PlusTick,aa968462-0a9b-6a04-8158-0da7e518d2d6,12701386,0.12701386,3800.0,Regular
2023-07-23T16:07:46.842Z,XBTUSD,Buy,2800,29918.0,ZeroPlusTick,f1d02638-1b52-c475-d343-10ad7dfafe3d,9358916,0.09358916,2800.0,Regular
2023-07-23T16:07:46.933Z,XBTUSD,Buy,100,29918.0,ZeroPlusTick,84ba6fb0-9494-961c-7a19-0d7def7a75aa,334247,0.00334247,100.0,Regular
2023-07-23T16:07:46.945Z,XBTUSD,Buy,4000,29917.5,MinusTick,60b988dc-c15c-fb5d-3af5-5a389997eef1,13370120,0.1337012,4000.0,Regular
2023-07-23T16:07:46.970Z,XBTUSD,Buy,1700,29918.0,PlusTick,32589177-6b6d-e21d-a98b-25a5ddf8089d,5682199,0.05682199,1700.0,Regular
2023-07-23T16:07:46.985Z,XBTUSD,Buy,2300,29918.0,ZeroPlusTick,d6dc1357-dc88-b6bf-6729-c432c73f897e,7687681,0.07687681,2300.0,Regular
2023-07-23T16:07:47.004Z,XBTUSD,Buy,7400,29918.0,ZeroPlusTick,0d02b26a-de6b-1673-f069-36d0a0d81107,24734278,0.24734278,7400.0,Regular
2023-07-23T16:07:47.008Z,XBTUSD,Buy,2400,29918.0,ZeroPlusTick,d432418d-b91d-318a-c6ed-c78d097a9364,8021928,0.08021928,2400.0,Regular
2023-07-23T16:07:47.327Z,XBTUSD,Buy,100,29918.5,PlusTick,2d271686-3ebe-1c73-2272-1f42e02aa6cf,334241,0.00334241,100.0,Regular
2023-07-23T16:07:48.120Z,XBTUSD,Sell,700,29919.5,PlusTick,72f22971-25fa-82e3-268c-27b0947455b0,2339610,0.0233961,700.0,Regular
2023-07-23T16:07:48.125Z,XBTUSD,Sell,25700,29919.5,ZeroPlusTick,46606f07-c34f-80fb-6159-b12b388a7809,85897110,0.8589711,25700.0,Regular
2023-07-23T16:07:48.125Z,XBTUSD,Sell,104200,29919.5,ZeroPlusTick,0c9ade7a-b691-654a-2f77-bc98b540138f,348267660,3.4826766,104200.0,Regular
2023-07-23T16:07:48.125Z,XBTUSD,Sell,92600,29919.5,ZeroPlusTick,4cd7f3b4-8521-6038-b212-7385d58cf88b,309496980,3.0949698,92600.0,Regular
2023-07-23T16:07:48.125Z,XBTUSD,Sell,37500,29919.5,ZeroPlusTick,b245ff33-4e9a-8c12-849f-c178a11b9f21,125336250,1.2533625,37500.0,Regular
2023-07-23T16:07:48.125Z,XBTUSD,Sell,2000,29919.5,ZeroPlusTick,20d4557e-9611-d4b3-23bd-3749c4b1005d,6684600,0.066846,2000.0,Regular
2023-07-23T16:07:48.125Z,XBTUSD,Sell,2600,29919.5,ZeroPlusTick,32594d4e-73bc-0ba2-6f6e-aed27210c6a4,8689980,0.0868998,2600.0,Regular
2023-07-23T16:07:48.125Z,XBTUSD,Sell,1900,29919.5,ZeroPlusTick,f56d0e6c-145f-b18e-734c-8d530d7053e5,6350370,0.0635037,1900.0,Regular
2023-07-23T16:07:48.125Z,XBTUSD,Sell,900,29919.5,ZeroPlusTick,0fa72cee-766d-68f1-c2a6-020ab04600c3,3008070,0.0300807,900.0,Regular
2023-07-23T16:07:48.125Z,XBTUSD,Sell,3000,29919.5,ZeroPlusTick,cd64a500-7aa1-ad81-cfed-52800917c80a,10026900,0.100269,3000.0,Regular
2023-07-23T16:07:48.125Z,XBTUSD,Sell,800,29919.5,ZeroPlusTick,21ea6b34-a336-f8b5-3ee5-494061a697d4,2673840,0.0267384,800.0,Regular
2023-07-23T16:07:48.125Z,XBTUSD,Sell,2000,29919.5,ZeroPlusTick,46c33246-9257-6e62-427f-b766ade89548,6684600,0.066846,2000.0,Regular
2023-07-23T16:07:48.352Z,XBTUSD,Sell,1000,29919.0,MinusTick,751979b9-1c09-4068-be87-e02ae061afd0,3342360,0.0334236,1000.0,Regular
2023-07-23T16:07:48.352Z,XBTUSD,Sell,900,29919.0,ZeroMinusTick,48fbf61f-6151-9ef1-5439-d50b9af8a932,3008124,0.03008124,900.0,Regular
2023-07-23T16:07:48.352Z,XBTUSD,Sell,37500,29919.0,ZeroMinusTick,dedbfedd-a7ad-c109-932a-630da2af1c33,125338500,1.253385,37500.0,Regular
2023-07-23T16:07:48.352Z,XBTUSD,Sell,800,29919.0,ZeroMinusTick,513a09be-8d8f-851e-147a-c0bfadc5f7b6,2673888,0.02673888,800.0,Regular
2023-07-23T16:07:49.159Z,XBTUSD,Sell,100,29919.0,ZeroMinusTick,e2a16f29-9984-87f1-4672-be174bfe2d25,334236,0.00334236,100.0,Regular
2023-07-23T16:07:50.207Z,XBTUSD,Sell,700,29919.0,ZeroMinusTick,0d147248-0d0c-271b-9257-dd3bef4cf6ec,2339652,0.02339652,700.0,Regular
2023-07-23T16:07:50.971Z,XBTUSD,Buy,100,29919.5,PlusTick,ae920f21-c19b-e375-999a-c11c9750a99d,334230,0.0033423,100.0,Regular
2023-07-23T16:07:51.246Z,XBTUSD,Sell,1300,29919.0,MinusTick,f0d5195b-94b8-68cc-0261-0b8a520fd141,4345068,0.04345068,1300.0,Regular
2023-07-23T16:07:53.078Z,XBTUSD,Buy,100,29919.5,PlusTick,a6eac15a-87c2-74f1-a2f4-c57b0df4011c,334230,0.0033423,100.0,Regular
2023-07-23T16:07:53.415Z,XBTUSD,Buy,300,29919.5,ZeroPlusTick,065dd0a2-e6c0-4ddf-6c45-6c42bb6e437c,1002690,0.0100269,300.0,Regular
2023-07-23T16:07:56.824Z,XBTUSD,Buy,300,29919.5,ZeroPlusTick,363e0e91-dc39-488f-d64d-5b96c4e6262c,1002690,0.0100269,300.0,Regular
2023-07-23T16:07:58.540Z,XBTUSD,Buy,300,29919.5,ZeroPlusTick,b8fe9054-bdee-04fd-058f-5736225169c8,1002690,0.0100269,300.0,Regular
2023-07-23T16:08:06.750Z,XBTUSD,Buy,1700,29919.5,ZeroPlusTick,5eb47663-2853-eca1-0a1e-e761f7351673,5681910,0.0568191,1700.0,Regular
2023-07-23T16:08:06.750Z,XBTUSD,Buy,100,29919.5,ZeroPlusTick,706f40cb-d281-2b9e-3b1c-4a8218189369,334230,0.0033423,100.0,Regular
2023-07-23T16:08:06.750Z,XBTUSD,Buy,100,29920.0,PlusTick,411fca46-ee90-68e4-f566-96565e525e64,334225,0.00334225,100.0,Regular
2023-07-23T16:08:06.750Z,XBTUSD,Buy,200,29920.0,ZeroPlusTick,a78d663b-cf04-74f5-9841-150ed2101321,668450,0.0066845,200.0,Regular
2023-07-23T16:08:06.750Z,XBTUSD,Buy,1000,29920.0,ZeroPlusTick,a4bfbd48-debf-2d38-02de-7d835221f55d,3342250,0.0334225,1000.0,Regular
2023-07-23T16:08:06.750Z,XBTUSD,Buy,100,29920.0,ZeroPlusTick,9a12a9a3-47f5-5165-4b15-8b7ace6c2aac,334225,0.00334225,100.0,Regular
2023-07-23T16:08:06.750Z,XBTUSD,Buy,200,29920.0,ZeroPlusTick,395a5a82-b2e5-0878-678c-d0044649063d,668450,0.0066845,200.0,Regular
2023-07-23T16:08:06.765Z,XBTUSD,Buy,1600,29920.0,ZeroPlusTick,da1ad2ea-c641-91d8-40b9-efe71076310b,5347600,0.053476,1600.0,Regular
2023-07-23T16:08:06.770Z,XBTUSD,Buy,200,29920.0,ZeroPlusTick,f4aec804-107d-8edc-0da5-f0586944daf6,668450,0.0066845,200.0,Regular
2023-07-23T16:08:08.784Z,XBTUSD,Buy,100,29922.5,PlusTick,84b63aeb-d03f-6526-2103-1e14d711f735,334197,0.00334197,100.0,Regular
2023-07-23T16:08:08.789Z,XBTUSD,Buy,400,29923.5,PlusTick,7bb2ba98-fca1-dcc4-c5b7-63d40d78a73b,1336744,0.01336744,400.0,Regular
2023-07-23T16:08:08.844Z,XBTUSD,Buy,200,29925.0,PlusTick,9fdd47f4-11ff-39ad-2e98-2da66e682cda,668338,0.00668338,200.0,Regular
2023-07-23T16:08:08.844Z,XBTUSD,Buy,300,29925.0,ZeroPlusTick,2ce0c999-6e32-839e-f213-7b0a7a75ded5,1002507,0.01002507,300.0,Regular
2023-07-23T16:08:19.756Z,XBTUSD,Sell,100,29924.5,MinusTick,e232a16d-a0c3-fdc9-f9ef-9c668a49ed47,334174,0.00334174,100.0,Regular
2023-07-23T16:08:20.618Z,XBTUSD,Buy,300,29925.0,PlusTick,650c5edc-3fac-9ca7-1711-4bfb7fd04fa0,1002507,0.01002507,300.0,Regular
2023-07-23T16:08:21.991Z,XBTUSD,Buy,300,29925.0,ZeroPlusTick,1b5f8ae8-e75d-a951-4f9c-7e117a8cbf3a,1002507,0.01002507,300.0,Regular
2023-07-23T16:08:26.164Z,XBTUSD,Buy,300,29925.0,ZeroPlusTick,921958c7-79f5-0f5c-d5d2-9aa2fb631885,1002507,0.01002507,300.0,Regular
2023-07-23T16:08:33.370Z,XBTUSD,Buy,8800,29925.0,ZeroPlusTick,7a2ce7b8-ca87-bf53-57b7-a5317b3aeb5b,29406872,0.29406872,8800.0,Regular
2023-07-23T16:08:33.370Z,XBTUSD,Buy,25000,29925.0,ZeroPlusTick,cb1a64ff-80f1-dd33-5b7f-b625c4f0e8f4,83542250,0.8354225,25000.0,Regular
2023-07-23T16:08:33.370Z,XBTUSD,Buy,2000,29925.0,ZeroPlusTick,3af86d08-40b0-dc4e-2dd8-fd1c780c4160,6683380,0.0668338,2000.0,Regular
2023-07-23T16:08:33.370Z,XBTUSD,Buy,100,29925.0,ZeroPlusTick,e0f0031b-6c89-87fa-e8bb-9bc03e4ee5bc,334169,0.00334169,100.0,Regular
2023-07-23T16:08:33.370Z,XBTUSD,Buy,200,29925.0,ZeroPlusTick,fc9a93b6-3d6c-d9fc-a1ab-fe2b0ac6d079,668338,0.00668338,200.0,Regular
2023-07-23T16:08:33.370Z,XBTUSD,Buy,100,29925.0,ZeroPlusTick,43ce210f-54fd-4009-e65a-c9d37491a8f2,334169,0.00334169,100.0,Regular
2023-07-23T16:08:33.370Z,XBTUSD,Buy,100,29925.0,ZeroPlusTick,37455f7e-23d3-d9cd-f29f-4ac59d6178ff,334169,0.00334169,100.0,Regular
2023-07-23T16:08:33.370Z,XBTUSD,Buy,100,29925.0,ZeroPlusTick,fe9a82b7-2ffe-6ef4-4173-a288201054b4,334169,0.00334169,100.0,Regular
2023-07-23T16:08:33.370Z,XBTUSD,Buy,37500,29925.0,ZeroPlusTick,a8e98783-edf8-1848-3cd8-0a5c1e3fc588,125313375,1.25313375,37500.0,Regular
2023-07-23T16:08:33.370Z,XBTUSD,Buy,37500,29925.0,ZeroPlusTick,c428b81c-9666-9f94-121e-6a75cd6d501c,125313375,1.25313375,37500.0,Regular
2023-07-23T16:08:33.381Z,XBTUSD,Buy,10000,29927.0,PlusTick,20ef3a6e-6e7e-452b-0dd8-7bcdc934db8f,33414600,0.334146,10000.0,Regular
2023-07-23T16:08:34.065Z,XBTUSD,Sell,100,29928.5,PlusTick,d8270cce-f2a5-807a-9112-bbb2e4a0cdc3,334130,0.0033413,100.0,Regular
2023-07-23T16:08:35.376Z,XBTUSD,Sell,500,29928.5,ZeroPlusTick,d0a64ce7-7610-25f5-b196-a6ded5815f3c,1670650,0.0167065,500.0,Regular
2023-07-23T16:08:36.421Z,XBTUSD,Sell,300,29928.5,ZeroPlusTick,3188030d-d52b-440a-f815-3b7d8ab9fd92,1002390,0.0100239,300.0,Regular
2023-07-23T16:08:39.929Z,XBTUSD,Buy,300,29929.0,PlusTick,0c80f282-0180-94df-7b69-913d98bb984e,1002372,0.01002372,300.0,Regular
2023-07-23T16:08:41.500Z,XBTUSD,Buy,300,29929.0,ZeroPlusTick,d8e68b00-8d3c-3693-77b9-74c1d18f9eeb,1002372,0.01002372,300.0,Regular
2023-07-23T16:08:42.123Z,XBTUSD,Buy,10000,29929.0,ZeroPlusTick,457c8b80-f4f7-28f5-6156-ea556ac84567,33412400,0.334124,10000.0,Regular
2023-07-23T16:08:42.125Z,XBTUSD,Buy,1700,29929.0,ZeroPlusTick,e7f51976-a921-f48b-5afe-b2e95e21f448,5680108,0.05680108,1700.0,Regular
2023-07-23T16:08:42.125Z,XBTUSD,Buy,100,29929.0,ZeroPlusTick,3c67e8af-eab3-4fcf-7a51-a1da8a03fab0,334124,0.00334124,100.0,Regular
2023-07-23T16:08:42.125Z,XBTUSD,Buy,200,29929.0,ZeroPlusTick,81eddeb1-487f-e337-bbb7-710065afe0dd,668248,0.00668248,200.0,Regular
2023-07-23T16:08:42.125Z,XBTUSD,Buy,3400,29929.0,ZeroPlusTick,06a01f01-0cd6-e062-b357-828eba9418cb,11360216,0.11360216,3400.0,Regular
2023-07-23T16:08:42.125Z,XBTUSD,Buy,9000,29929.0,ZeroPlusTick,366e3b1d-b95d-c49f-15fe-e1d74d3e6875,30071160,0.3007116,9000.0,Regular
2023-07-23T16:08:42.125Z,XBTUSD,Buy,200,29930.0,PlusTick,d9cb6f21-ec1a-c268-bd29-6e2a75c03682,668226,0.00668226,200.0,Regular
2023-07-23T16:08:42.125Z,XBTUSD,Buy,400,29931.0,PlusTick,062e15e0-bc3a-1002-64cf-f8566137e22c,1336408,0.01336408,400.0,Regular
2023-07-23T16:08:42.125Z,XBTUSD,Buy,100,29932.0,PlusTick,460dc1b9-1659-7ad9-85de-d23b0700d023,334091,0.00334091,100.0,Regular
2023-07-23T16:08:42.125Z,XBTUSD,Buy,14500,29932.5,PlusTick,4e290fd2-623c-5aac-f8b5-68c715bee1aa,48442325,0.48442325,14500.0,Regular
2023-07-23T16:08:45.271Z,XBTUSD,Buy,500,29932.5,ZeroPlusTick,2a5c17c9-e85b-a778-d041-eedd3e8aad2a,1670425,0.01670425,500.0,Regular
2023-07-23T16:08:49.444Z,XBTUSD,Buy,500,29932.5,ZeroPlusTick,9a3611b0-5c2f-b4e9-bf03-257eb2720211,1670425,0.01670425,500.0,Regular
2023-07-23T16:08:50.021Z,XBTUSD,Buy,500,29932.5,ZeroPlusTick,a02dcc53-6429-2a68-c853-7f88dee9d9a6,1670425,0.01670425,500.0,Regular
2023-07-23T16:08:53.099Z,XBTUSD,Buy,10000,29932.5,ZeroPlusTick,800da491-dd78-5e70-c536-b648c21c0972,33408500,0.334085,10000.0,Regular
2023-07-23T16:08:56.521Z,XBTUSD,Buy,25000,29932.5,ZeroPlusTick,de093421-dd02-5e13-c655-49e4a9f2ddbc,83521250,0.8352125,25000.0,Regular
2023-07-23T16:09:00.251Z,XBTUSD,Buy,100,29932.5,ZeroPlusTick,ed0ecc69-379d-352a-492f-6b5bfee7b2c6,334085,0.00334085,100.0,Regular
2023-07-23T16:09:00.264Z,XBTUSD,Buy,400,29933.5,PlusTick,e6fadbce-386a-5a7c-69c6-9a15fcd350c2,1336296,0.01336296,400.0,Regular
2023-07-23T16:09:05.813Z,XBTUSD,Buy,100,29934.0,PlusTick,cce418d0-b68a-bc29-b75b-7f5349d9a2c6,334068,0.00334068,100.0,Regular
2023-07-23T16:09:05.863Z,XBTUSD,Buy,300,29934.0,ZeroPlusTick,f4067ec3-ca19-319e-094d-60e0e58f9c60,1002204,0.01002204,300.0,Regular
2023-07-23T16:09:07.926Z,XBTUSD,Buy,300,29934.5,PlusTick,62e29974-6eae-010d-8dd4-2f27f8299d89,1002189,0.01002189,300.0,Regular
2023-07-23T16:09:08.360Z,XBTUSD,Buy,2700,29934.5,ZeroPlusTick,94a6d569-a6a3-e391-a0b5-cec1f2aec9af,9019701,0.09019701,2700.0,Regular
2023-07-23T16:09:08.360Z,XBTUSD,Buy,300,29934.5,ZeroPlusTick,8209c496-adb4-8d79-acc6-e17f5f4fda47,1002189,0.01002189,300.0,Regular
2023-07-23T16:09:09.188Z,XBTUSD,Buy,200,29935.0,PlusTick,cd794d34-1a33-0cda-9435-6c4c49444c93,668114,0.00668114,200.0,Regular
2023-07-23T16:09:09.188Z,XBTUSD,Buy,100,29935.0,ZeroPlusTick,875b4855-f196-9fcd-732a-52f665df9f9b,334057,0.00334057,100.0,Regular
2023-07-23T16:09:09.188Z,XBTUSD,Buy,100,29935.0,ZeroPlusTick,38792acf-db6e-03f0-bba7-1796e2aad306,334057,0.00334057,100.0,Regular
2023-07-23T16:09:09.198Z,XBTUSD,Buy,10000,29935.0,ZeroPlusTick,20dece4d-6259-214d-a2f7-6d5e2cc73736,33405700,0.334057,10000.0,Regular
2023-07-23T16:09:09.198Z,XBTUSD,Buy,100,29935.5,PlusTick,c389d361-a495-20ee-16c1-4ee2f9835138,334052,0.00334052,100.0,Regular
2023-07-23T16:09:09.254Z,XBTUSD,Buy,9900,29935.5,ZeroPlusTick,0a60217b-c0d7-cc98-6006-21b14279ba8c,33071148,0.33071148,9900.0,Regular
2023-07-23T16:09:09.254Z,XBTUSD,Buy,100,29935.5,ZeroPlusTick,60f235bc-4d1f-1f51-a218-e21f39077561,334052,0.00334052,100.0,Regular
2023-07-23T16:09:09.721Z,XBTUSD,Buy,300,29937.0,PlusTick,78ab48be-e88a-f116-9807-3064a715a124,1002105,0.01002105,300.0,Regular
2023-07-23T16:09:10.539Z,XBTUSD,Sell,100,29936.5,MinusTick,693801e3-e367-3903-6e98-6fe2e8d25851,334040,0.0033404,100.0,Regular
2023-07-23T16:09:10.936Z,XBTUSD,Buy,100,29937.0,PlusTick,a0aa0c3c-1239-eb68-7df0-425abc644160,334035,0.00334035,100.0,Regular
2023-07-23T16:09:10.955Z,XBTUSD,Buy,100,29939.0,PlusTick,e329f1e7-d652-f338-6172-828e105b72b3,334012,0.00334012,100.0,Regular
2023-07-23T16:09:10.955Z,XBTUSD,Buy,300,29939.0,ZeroPlusTick,6af4250a-2276-675e-c179-f8adc2f2f80f,1002036,0.01002036,300.0,Regular
2023-07-23T16:09:10.955Z,XBTUSD,Buy,400,29939.5,PlusTick,100adb6e-adc7-d5b0-d3b6-e595c70aadae,1336028,0.01336028,400.0,Regular
2023-07-23T16:09:10.955Z,XBTUSD,Buy,200,29940.0,PlusTick,67fa8349-256d-4439-567e-5ce6da1c095c,668002,0.00668002,200.0,Regular
2023-07-23T16:09:10.955Z,XBTUSD,Buy,100,29940.0,ZeroPlusTick,d3c2a351-dc9b-c65f-4212-43d66feb81c7,334001,0.00334001,100.0,Regular
2023-07-23T16:09:10.955Z,XBTUSD,Buy,100,29940.0,ZeroPlusTick,b3f1c6dc-99ba-c05d-3268-4af0e06e3c63,334001,0.00334001,100.0,Regular
2023-07-23T16:09:10.955Z,XBTUSD,Buy,2000,29940.0,ZeroPlusTick,9e0228fb-d423-62bb-f82a-df8857472bfd,6680020,0.0668002,2000.0,Regular
2023-07-23T16:09:10.955Z,XBTUSD,Buy,100,29940.0,ZeroPlusTick,fd20d853-a890-6872-8f2d-f49b6b7e9d77,334001,0.00334001,100.0,Regular
2023-07-23T16:09:10.955Z,XBTUSD,Buy,1200,29940.5,PlusTick,f3cf5eb7-a890-0759-9d5d-4fdbcb569f95,4007952,0.04007952,1200.0,Regular
2023-07-23T16:09:11.075Z,XBTUSD,Buy,400,29943.0,PlusTick,fa856702-7c66-4440-8c13-3f9de67f1713,1335872,0.01335872,400.0,Regular
2023-07-23T16:09:11.075Z,XBTUSD,Buy,100,29943.0,ZeroPlusTick,3ee1231d-807a-20ae-dd85-8f7bb564e07f,333968,0.00333968,100.0,Regular
2023-07-23T16:09:11.156Z,XBTUSD,Buy,3400,29943.0,ZeroPlusTick,a230e528-2991-7196-2ba0-6a5b4ef75773,11354912,0.11354912,3400.0,Regular
2023-07-23T16:09:11.156Z,XBTUSD,Buy,1000,29943.0,ZeroPlusTick,5dc84072-fc4e-501d-c8cd-434631140492,3339680,0.0333968,1000.0,Regular
2023-07-23T16:09:11.157Z,XBTUSD,Buy,10100,29943.0,ZeroPlusTick,bb7b6b24-fedc-1979-5ba5-cccf22cbfb3e,33730768,0.33730768,10100.0,Regular
2023-07-23T16:09:11.168Z,XBTUSD,Buy,5200,29943.0,ZeroPlusTick,142ef7c9-5df6-eb2c-b777-510edab69088,17366336,0.17366336,5200.0,Regular
2023-07-23T16:09:11.217Z,XBTUSD,Buy,300,29942.5,MinusTick,52be2283-3207-1716-e61f-6849dadd1ea8,1001919,0.01001919,300.0,Regular
2023-07-23T16:09:11.338Z,XBTUSD,Buy,14000,29942.0,MinusTick,eecfb270-5653-e1dc-fcc7-db67a37d6c45,46757060,0.4675706,14000.0,Regular
2023-07-23T16:09:11.346Z,XBTUSD,Buy,2200,29942.0,ZeroMinusTick,1d25a9a4-029b-54ed-d106-56f4e371261d,7347538,0.07347538,2200.0,Regular
2023-07-23T16:09:11.583Z,XBTUSD,Sell,200,29941.5,MinusTick,9ba7a09b-78d6-1c3c-8803-46bf68859ef5,667970,0.0066797,200.0,Regular
2023-07-23T16:09:11.751Z,XBTUSD,Sell,800,29941.0,MinusTick,a7f83e3a-c77d-4ce4-7bfc-0684fbaa3e07,2671920,0.0267192,800.0,Regular
2023-07-23T16:09:11.751Z,XBTUSD,Sell,300,29941.0,ZeroMinusTick,c855e822-76ad-3ed5-6f90-1e6a54ac98de,1001970,0.0100197,300.0,Regular
2023-07-23T16:09:11.751Z,XBTUSD,Sell,92300,29941.0,ZeroMinusTick,ebf93408-c48a-e51a-e439-8edc5d956965,308272770,3.0827277,92300.0,Regular
2023-07-23T16:09:11.865Z,XBTUSD,Sell,2900,29940.5,MinusTick,46910879-b599-08b1-76ae-8e6017f31bde,9685884,0.09685884,2900.0,Regular
2023-07-23T16:09:11.865Z,XBTUSD,Sell,9800,29938.5,MinusTick,1a718a7f-e4b6-e46c-509e-76313b8bd3e6,32733764,0.32733764,9800.0,Regular
2023-07-23T16:09:11.865Z,XBTUSD,Sell,5700,29938.5,ZeroMinusTick,ebcf7178-ad61-8e78-2b0d-2f9644fa484d,19039026,0.19039026,5700.0,Regular
2023-07-23T16:09:11.968Z,XBTUSD,Sell,30000,29940.5,PlusTick,75693efd-5b2f-97e0-67cb-c99c31c722dd,100198800,1.001988,30000.0,Regular
2023-07-23T16:09:12.083Z,XBTUSD,Sell,300,29940.5,ZeroPlusTick,1e6e58a9-2fd9-c240-eed6-190f067ac965,1001988,0.01001988,300.0,Regular
2023-07-23T16:09:12.111Z,XBTUSD,Sell,2400,29940.5,ZeroPlusTick,7eedc947-6bbb-37f4-aa14-0d439a24185a,8015904,0.08015904,2400.0,Regular
2023-07-23T16:09:12.116Z,XBTUSD,Sell,800,29940.5,ZeroPlusTick,91802593-dcff-655d-0f40-6e71f664cd9a,2671968,0.02671968,800.0,Regular
2023-07-23T16:09:12.152Z,XBTUSD,Sell,800,29940.0,MinusTick,694bd5ac-948b-13bc-f62a-493536d70955,2672008,0.02672008,800.0,Regular
2023-07-23T16:09:12.386Z,XBTUSD,Sell,1200,29937.5,MinusTick,1b8ecb2a-a5dc-f5ec-9738-a018ca354b9f,4008348,0.04008348,1200.0,Regular
2023-07-23T16:09:12.386Z,XBTUSD,Sell,300,29937.5,ZeroMinusTick,ab1aa793-3626-5ad9-33bc-34196eccf010,1002087,0.01002087,300.0,Regular
2023-07-23T16:09:12.386Z,XBTUSD,Sell,30000,29937.5,ZeroMinusTick,102aa800-26bd-76ce-6d8b-c40e0394dbc2,100208700,1.002087,30000.0,Regular
2023-07-23T16:09:12.624Z,XBTUSD,Sell,100,29936.5,MinusTick,635b60c2-e3a5-a501-0902-53ea6046f8cc,334040,0.0033404,100.0,Regular
2023-07-23T16:09:12.624Z,XBTUSD,Sell,100,29936.5,ZeroMinusTick,8f3ee615-04ba-f6ce-6e4a-404f7789fff5,334040,0.0033404,100.0,Regular
2023-07-23T16:09:13.043Z,XBTUSD,Sell,300,29936.5,ZeroMinusTick,fffe6dd0-cfa2-384d-b9c0-8ba187fc929d,1002120,0.0100212,300.0,Regular
2023-07-23T16:09:13.043Z,XBTUSD,Sell,100,29936.5,ZeroMinusTick,1e09021c-bc52-b5f5-4145-09a709814b1d,334040,0.0033404,100.0,Regular
2023-07-23T16:09:13.762Z,XBTUSD,Sell,300,29935.5,MinusTick,c3c93223-2391-1c08-5a24-5727fd1f4217,1002156,0.01002156,300.0,Regular
2023-07-23T16:09:37.149Z,XBTUSD,Sell,300,29935.0,MinusTick,52e6b9f3-4593-2f63-d222-c3a71376eeb6,1002171,0.01002171,300.0,Regular
2023-07-23T16:09:37.149Z,XBTUSD,Sell,74700,29935.0,ZeroMinusTick,80214046-6e98-7137-93bf-fa74cd39d0b9,249540579,2.49540579,74700.0,Regular
2023-07-23T16:09:37.149Z,XBTUSD,Sell,1300,29935.0,ZeroMinusTick,ae524c78-407a-fd7f-b5ca-a11223f83c7c,4342741,0.04342741,1300.0,Regular
2023-07-23T16:09:37.149Z,XBTUSD,Sell,2200,29935.0,ZeroMinusTick,9c541ebf-e75c-6289-6d49-01e594d9e8ca,7349254,0.07349254,2200.0,Regular
2023-07-23T16:09:37.149Z,XBTUSD,Sell,100,29935.0,ZeroMinusTick,6a8a563a-e278-bcbf-a4b8-048573accc3a,334057,0.00334057,100.0,Regular
2023-07-23T16:09:37.149Z,XBTUSD,Sell,100,29935.0,ZeroMinusTick,a688b528-3d47-68a3-9816-9e9c11b3fb78,334057,0.00334057,100.0,Regular
2023-07-23T16:09:37.149Z,XBTUSD,Sell,600,29935.0,ZeroMinusTick,84a14c27-6ec2-6b22-bc02-0e64277828fd,2004342,0.02004342,600.0,Regular
2023-07-23T16:09:37.149Z,XBTUSD,Sell,15100,29935.0,ZeroMinusTick,f036d88d-00ec-663c-16cf-da75b1fb7c18,50442607,0.50442607,15100.0,Regular
2023-07-23T16:09:37.149Z,XBTUSD,Sell,28400,29935.0,ZeroMinusTick,3046570d-2154-7f76-9763-9d114b803dcc,94872188,0.94872188,28400.0,Regular
2023-07-23T16:09:37.149Z,XBTUSD,Sell,116100,29935.0,ZeroMinusTick,cab4f41e-5cde-4a65-67d6-d03c4267732a,387840177,3.87840177,116100.0,Regular
2023-07-23T16:09:37.165Z,XBTUSD,Sell,177100,29935.0,ZeroMinusTick,985ff73a-637d-53aa-315b-4eadc0071255,591614947,5.91614947,177100.0,Regular
2023-07-23T16:09:37.165Z,XBTUSD,Sell,200,29935.0,ZeroMinusTick,0c052566-e1dd-2ae5-b2dd-d8d79030dd88,668114,0.00668114,200.0,Regular
2023-07-23T16:09:37.165Z,XBTUSD,Sell,100,29935.0,ZeroMinusTick,e4c967ec-967c-7333-532a-864f280efc1a,334057,0.00334057,100.0,Regular
2023-07-23T16:09:37.186Z,XBTUSD,Sell,800,29934.5,MinusTick,10658e2e-df22-da2c-72fb-ad1f33c94267,2672504,0.02672504,800.0,Regular
2023-07-23T16:09:37.186Z,XBTUSD,Sell,1300,29934.0,MinusTick,ff16f08b-f320-af9f-41c4-b73d5c23239a,4342884,0.04342884,1300.0,Regular
2023-07-23T16:09:37.186Z,XBTUSD,Sell,800,29934.0,ZeroMinusTick,a76a2b0b-e607-961b-2b79-d3b69ba11abc,2672544,0.02672544,800.0,Regular
2023-07-23T16:09:37.186Z,XBTUSD,Sell,300,29933.5,MinusTick,b703cb2d-935f-5f62-f510-cce2d06429fd,1002222,0.01002222,300.0,Regular
2023-07-23T16:09:37.186Z,XBTUSD,Sell,2300,29933.5,ZeroMinusTick,a865c065-30d0-8f4a-eb4a-0d3e9ee464ed,7683702,0.07683702,2300.0,Regular
2023-07-23T16:09:39.744Z,XBTUSD,Sell,300,29932.5,MinusTick,35eec4d2-e3fc-f60b-5c5a-cbbe35aa0278,1002255,0.01002255,300.0,Regular
2023-07-23T16:09:39.744Z,XBTUSD,Sell,7900,29932.5,ZeroMinusTick,61c772c4-0f03-74f6-7345-64c4c7260a58,26392715,0.26392715,7900.0,Regular
2023-07-23T16:09:39.751Z,XBTUSD,Sell,3800,29932.5,ZeroMinusTick,63e48f11-84b3-06de-fa6f-5d7a6e8b63fd,12695230,0.1269523,3800.0,Regular
2023-07-23T16:09:39.751Z,XBTUSD,Sell,1200,29932.0,MinusTick,21c5a1e2-9bc6-f812-94a8-90c7cc5cc3e4,4009092,0.04009092,1200.0,Regular
2023-07-23T16:09:39.751Z,XBTUSD,Sell,100,29932.0,ZeroMinusTick,0df68df4-8c8b-e01e-5427-d43394685f93,334091,0.00334091,100.0,Regular
2023-07-23T16:09:39.771Z,XBTUSD,Sell,800,29932.0,ZeroMinusTick,78c6fc99-75e6-481e-1239-6542ec00821c,2672728,0.02672728,800.0,Regular
2023-07-23T16:09:39.782Z,XBTUSD,Sell,800,29931.5,MinusTick,1ef83257-7fc7-6c47-d555-7c3c5b4726b7,2672768,0.02672768,800.0,Regular
2023-07-23T16:09:40.010Z,XBTUSD,Buy,1300,29931.0,MinusTick,90bbf7fd-7802-142c-04c9-77e3ede9ac54,4343326,0.04343326,1300.0,Regular
2023-07-23T16:09:42.106Z,XBTUSD,Sell,200,29930.5,MinusTick,dddd28d3-e3e3-c4aa-df85-81c1470e3d4e,668214,0.00668214,200.0,Regular
2023-07-23T16:09:42.115Z,XBTUSD,Sell,600,29930.5,ZeroMinusTick,e29e74fd-29a9-85b8-733e-860d66240d54,2004642,0.02004642,600.0,Regular
2023-07-23T16:09:42.115Z,XBTUSD,Sell,300,29930.5,ZeroMinusTick,0755f6d0-2f86-4f44-0ae0-47eafae3a72d,1002321,0.01002321,300.0,Regular
2023-07-23T16:09:42.115Z,XBTUSD,Sell,20200,29930.5,ZeroMinusTick,a8d7a72d-1d93-40c3-4b22-002fd86124b5,67489614,0.67489614,20200.0,Regular
2023-07-23T16:09:42.687Z,XBTUSD,Sell,800,29930.0,MinusTick,6897f102-d1d8-0028-e510-a9691d21e17c,2672904,0.02672904,800.0,Regular
2023-07-23T16:09:42.687Z,XBTUSD,Sell,300,29930.0,ZeroMinusTick,b44be303-58e9-8d8e-4a10-06ca3793df8c,1002339,0.01002339,300.0,Regular
2023-07-23T16:09:42.687Z,XBTUSD,Sell,1000,29930.0,ZeroMinusTick,a90f6da9-3f43-2c1d-fd41-9f1688dfacc7,3341130,0.0334113,1000.0,Regular
2023-07-23T16:09:42.687Z,XBTUSD,Sell,900,29930.0,ZeroMinusTick,9f1c4eb2-15a9-a072-6c9c-3568309866ce,3007017,0.03007017,900.0,Regular
2023-07-23T16:09:42.689Z,XBTUSD,Sell,700,29930.0,ZeroMinusTick,c1a88f5d-c286-edf2-f956-fb27d368fc1e,2338791,0.02338791,700.0,Regular
2023-07-23T16:09:42.689Z,XBTUSD,Sell,400,29930.0,ZeroMinusTick,d38bea8b-ba80-7414-873c-81f28bf77212,1336452,0.01336452,400.0,Regular
2023-07-23T16:09:42.689Z,XBTUSD,Sell,6400,29929.5,MinusTick,0f6e8e39-adc2-a685-4a42-8d519828390e,21383616,0.21383616,6400.0,Regular
2023-07-23T16:09:42.693Z,XBTUSD,Sell,300,29929.5,ZeroMinusTick,1cbf9efe-dc6c-ce8b-3d61-1fc7f62e946a,1002357,0.01002357,300.0,Regular
2023-07-23T16:09:42.693Z,XBTUSD,Sell,800,29929.5,ZeroMinusTick,950b0767-7669-fe6d-0e3c-4c3757b538ac,2672952,0.02672952,800.0,Regular
2023-07-23T16:09:45.956Z,XBTUSD,Buy,300,29927.0,MinusTick,13fd1a77-fe58-32b9-e288-b15811ab1159,1002438,0.01002438,300.0,Regular
2023-07-23T16:09:47.337Z,XBTUSD,Buy,300,29927.0,ZeroMinusTick,e8e583d1-106e-47be-2504-4e71cb8754c4,1002438,0.01002438,300.0,Regular
2023-07-23T16:09:48.707Z,XBTUSD,Buy,300,29927.0,ZeroMinusTick,1fcf8660-2646-9d2a-c388-d8003422a2f0,1002438,0.01002438,300.0,Regular
2023-07-23T16:09:55.841Z,XBTUSD,Buy,300,29927.0,ZeroMinusTick,b3f7489e-815c-abc2-5872-6c61e8e41c23,1002438,0.01002438,300.0,Regular
2023-07-23T16:10:05.264Z,XBTUSD,Buy,7000,29927.0,ZeroMinusTick,1b460096-2253-419b-e159-469225b34ab6,23390220,0.2339022,7000.0,Regular
2023-07-23T16:10:05.948Z,XBTUSD,Buy,300,29927.0,ZeroMinusTick,05c2553f-2f38-6347-fa9d-551b8ec9222e,1002438,0.01002438,300.0,Regular
2023-07-23T16:10:07.310Z,XBTUSD,Buy,300,29927.0,ZeroMinusTick,acd7533e-a698-2c4f-1c53-345cadcafd3d,1002438,0.01002438,300.0,Regular
2023-07-23T16:10:16.735Z,XBTUSD,Sell,100,29926.5,MinusTick,9b9c3594-9b55-0aea-734d-b4f173bdd9e6,334152,0.00334152,100.0,Regular
2023-07-23T16:10:18.130Z,XBTUSD,Buy,400,29927.0,PlusTick,c817c94f-b131-7a58-d8f3-0c172551d565,1336584,0.01336584,400.0,Regular
2023-07-23T16:10:19.632Z,XBTUSD,Buy,300,29927.0,ZeroPlusTick,57c9f81b-9ce8-834f-0c90-825ca38b2c3e,1002438,0.01002438,300.0,Regular
2023-07-23T16:10:33.433Z,XBTUSD,Sell,3800,29926.5,MinusTick,7024ccb7-b611-a768-e256-2d447df77e81,12697776,0.12697776,3800.0,Regular
2023-07-23T16:10:33.433Z,XBTUSD,Sell,7100,29926.5,ZeroMinusTick,ec9c2323-b9d5-6762-e98a-116083597b2e,23724792,0.23724792,7100.0,Regular
2023-07-23T16:10:33.433Z,XBTUSD,Sell,73300,29926.5,ZeroMinusTick,17f1a476-c5b9-7c03-c72d-c97036eb6854,244933416,2.44933416,73300.0,Regular
2023-07-23T16:10:33.433Z,XBTUSD,Sell,200,29926.5,ZeroMinusTick,7251475e-3ae0-bcca-7e04-4a1cf618b7ac,668304,0.00668304,200.0,Regular
2023-07-23T16:10:33.433Z,XBTUSD,Sell,100,29926.5,ZeroMinusTick,1c1204d7-9b57-11d2-69c7-4332df1efbc3,334152,0.00334152,100.0,Regular
2023-07-23T16:10:33.433Z,XBTUSD,Sell,600,29926.5,ZeroMinusTick,75d64dae-0a0b-223c-076a-452c380f391a,2004912,0.02004912,600.0,Regular
2023-07-23T16:10:33.433Z,XBTUSD,Sell,300,29926.5,ZeroMinusTick,9f2e5aea-de0f-b4cd-2eb6-0623bb868031,1002456,0.01002456,300.0,Regular
2023-07-23T16:10:33.433Z,XBTUSD,Sell,100,29926.5,ZeroMinusTick,796e4261-d1c0-fe1f-a785-0b3625a38f6c,334152,0.00334152,100.0,Regular
2023-07-23T16:10:33.433Z,XBTUSD,Sell,800,29926.5,ZeroMinusTick,453e2315-5f80-9898-ca28-4422621ef8a3,2673216,0.02673216,800.0,Regular
2023-07-23T16:10:33.433Z,XBTUSD,Sell,5800,29926.5,ZeroMinusTick,d4550cd4-98d2-6a15-1277-18e0775bec75,19380816,0.19380816,5800.0,Regular
2023-07-23T16:10:33.433Z,XBTUSD,Sell,400,29926.5,ZeroMinusTick,e43f359c-5f68-4224-3ca9-30576a6724d7,1336608,0.01336608,400.0,Regular
2023-07-23T16:10:33.433Z,XBTUSD,Sell,100,29926.5,ZeroMinusTick,9b7bf2ae-d71e-9e5a-238f-7e6d6855ccfb,334152,0.00334152,100.0,Regular
2023-07-23T16:10:33.433Z,XBTUSD,Sell,600,29926.5,ZeroMinusTick,d0476f44-7568-910f-49b6-14198009fc91,2004912,0.02004912,600.0,Regular
2023-07-23T16:10:33.433Z,XBTUSD,Sell,14200,29926.5,ZeroMinusTick,112a81ae-eccd-4275-4ded-829a9e6e77c1,47449584,0.47449584,14200.0,Regular
2023-07-23T16:10:33.725Z,XBTUSD,Sell,800,29926.0,MinusTick,756c0c79-15ef-a9f2-5992-99db7a53a3aa,2673264,0.02673264,800.0,Regular
2023-07-23T16:10:33.725Z,XBTUSD,Sell,300,29926.0,ZeroMinusTick,529abb28-8dbc-f544-72a4-772f69c3b58e,1002474,0.01002474,300.0,Regular
2023-07-23T16:10:39.428Z,XBTUSD,Sell,100,29925.5,MinusTick,8cc1b9f1-b900-89b5-f904-8c0d03a4d4b4,334163,0.00334163,100.0,Regular
2023-07-23T16:10:39.428Z,XBTUSD,Sell,800,29925.5,ZeroMinusTick,4d149872-1c93-59e6-53a6-25cb57d41da4,2673304,0.02673304,800.0,Regular
2023-07-23T16:10:39.428Z,XBTUSD,Sell,2400,29925.5,ZeroMinusTick,de527d12-b2d3-d941-62ea-6f1cc444ac3e,8019912,0.08019912,2400.0,Regular
2023-07-23T16:10:39.438Z,XBTUSD,Sell,27600,29925.5,ZeroMinusTick,4fd99d0c-b78f-adf0-df2e-120e29c7266d,92228988,0.92228988,27600.0,Regular
2023-07-23T16:10:39.438Z,XBTUSD,Sell,300,29925.5,ZeroMinusTick,af7f862c-63f7-88e0-0184-e5b042ca95dc,1002489,0.01002489,300.0,Regular
2023-07-23T16:10:39.438Z,XBTUSD,Sell,300,29925.5,ZeroMinusTick,e164e6ac-dd43-c4c6-c5be-ec27338eec8f,1002489,0.01002489,300.0,Regular
2023-07-23T16:10:39.438Z,XBTUSD,Sell,1500,29925.5,ZeroMinusTick,559651de-9e5f-6810-aa3e-11b8632b3a18,5012445,0.05012445,1500.0,Regular
2023-07-23T16:10:39.438Z,XBTUSD,Sell,500,29925.5,ZeroMinusTick,26b29ff7-ca1b-e10d-0e1c-f8cc02a08c99,1670815,0.01670815,500.0,Regular
2023-07-23T16:10:39.438Z,XBTUSD,Sell,200,29925.5,ZeroMinusTick,54940b2e-327e-2169-5d44-82c8b9ed9f98,668326,0.00668326,200.0,Regular
2023-07-23T16:10:39.438Z,XBTUSD,Sell,100,29925.5,ZeroMinusTick,96f2527a-2a14-baa1-c10b-4a3ada7795e3,334163,0.00334163,100.0,Regular
2023-07-23T16:11:18.694Z,XBTUSD,Sell,300,29925.0,MinusTick,df5faf95-1af9-3f4c-740e-470aab802252,1002507,0.01002507,300.0,Regular
2023-07-23T16:11:18.694Z,XBTUSD,Sell,700,29925.0,ZeroMinusTick,68fbbed5-d623-42b9-edfb-a494e791c59f,2339183,0.02339183,700.0,Regular
2023-07-23T16:11:18.694Z,XBTUSD,Sell,800,29925.0,ZeroMinusTick,6107a6ab-63fc-3621-f6f2-fa5f31764610,2673352,0.02673352,800.0,Regular
2023-07-23T16:11:18.694Z,XBTUSD,Sell,25300,29925.0,ZeroMinusTick,0b98da42-e6a5-9814-a2e5-0e18303c5cc9,84544757,0.84544757,25300.0,Regular
2023-07-23T16:11:18.696Z,XBTUSD,Sell,4700,29925.0,ZeroMinusTick,f5289d38-1df6-5d10-4fe2-15264896d877,15705943,0.15705943,4700.0,Regular
2023-07-23T16:11:18.696Z,XBTUSD,Sell,300,29925.0,ZeroMinusTick,a8e413bd-c68d-6580-adb0-15e400ab0aa5,1002507,0.01002507,300.0,Regular
2023-07-23T16:11:18.696Z,XBTUSD,Sell,800,29925.0,ZeroMinusTick,86a0c3d1-d7fc-1416-46f9-88c4514f3c28,2673352,0.02673352,800.0,Regular
2023-07-23T16:11:18.696Z,XBTUSD,Sell,1900,29925.0,ZeroMinusTick,c73379af-f9ad-531f-0882-07ec48028ad0,6349211,0.06349211,1900.0,Regular
2023-07-23T16:11:18.696Z,XBTUSD,Sell,1000,29925.0,ZeroMinusTick,378abead-d03b-9198-f6b6-7b854d818345,3341690,0.0334169,1000.0,Regular
2023-07-23T16:11:18.696Z,XBTUSD,Sell,100,29925.0,ZeroMinusTick,50a8077e-839c-15c8-2ae9-b4271c84b2f9,334169,0.00334169,100.0,Regular
2023-07-23T16:11:18.696Z,XBTUSD,Sell,17400,29925.0,ZeroMinusTick,ca3067a0-699f-1947-3694-bd93a840a010,58145406,0.58145406,17400.0,Regular
2023-07-23T16:11:18.704Z,XBTUSD,Sell,1300,29925.0,ZeroMinusTick,ab7cd147-43bf-5c0c-2d39-3ffa9860cf1a,4344197,0.04344197,1300.0,Regular
2023-07-23T16:11:18.704Z,XBTUSD,Sell,15100,29925.0,ZeroMinusTick,34cf11fc-c712-1802-1981-09eaf832df0e,50459519,0.50459519,15100.0,Regular
2023-07-23T16:11:18.710Z,XBTUSD,Sell,8400,29925.0,ZeroMinusTick,055a8d49-718a-7791-0942-4cc3d63e3a2c,28070196,0.28070196,8400.0,Regular
2023-07-23T16:11:18.710Z,XBTUSD,Sell,14900,29925.0,ZeroMinusTick,0339f531-32b4-7066-480b-1e20fe671746,49791181,0.49791181,14900.0,Regular
2023-07-23T16:11:18.710Z,XBTUSD,Sell,100,29925.0,ZeroMinusTick,79f68dc1-5f38-5eda-62db-bcdd1b6a4a2d,334169,0.00334169,100.0,Regular
2023-07-23T16:11:18.710Z,XBTUSD,Sell,300,29925.0,ZeroMinusTick,b1c66fb0-749a-13e7-d232-51da0c78929d,1002507,0.01002507,300.0,Regular
2023-07-23T16:11:18.710Z,XBTUSD,Sell,4000,29925.0,ZeroMinusTick,b5d9093c-88a7-9408-4bc6-92e673a7b8b6,13366760,0.1336676,4000.0,Regular
2023-07-23T16:11:18.710Z,XBTUSD,Sell,100,29925.0,ZeroMinusTick,66fc88f3-ddf1-dac9-6248-caf30eadb70f,334169,0.00334169,100.0,Regular
2023-07-23T16:11:18.710Z,XBTUSD,Sell,100,29925.0,ZeroMinusTick,41fc95eb-d7c9-fa78-7822-6ec3f0cc5c4c,334169,0.00334169,100.0,Regular
2023-07-23T16:11:18.710Z,XBTUSD,Sell,300,29925.0,ZeroMinusTick,77b4fa7f-7927-9d48-619d-966027bf7c26,1002507,0.01002507,300.0,Regular
2023-07-23T16:11:18.988Z,XBTUSD,Sell,800,29924.5,MinusTick,47147f20-23c3-563a-8192-9b5fe8437b87,2673392,0.02673392,800.0,Regular
2023-07-23T16:11:18.988Z,XBTUSD,Sell,5000,29924.5,ZeroMinusTick,bdd061f7-b6fb-3553-34a6-497c626de138,16708700,0.167087,5000.0,Regular
2023-07-23T16:11:18.988Z,XBTUSD,Sell,300,29924.5,ZeroMinusTick,4628652a-ebd7-8353-7fc6-a508fdfcc98a,1002522,0.01002522,300.0,Regular
2023-07-23T16:11:18.988Z,XBTUSD,Sell,25300,29924.5,ZeroMinusTick,94735101-bcdb-8368-7e32-798eba7795ba,84546022,0.84546022,25300.0,Regular
2023-07-23T16:11:20.933Z,XBTUSD,Buy,100,29923.5,MinusTick,3a0fece7-34cc-644a-6e0c-d845762e8f4f,334186,0.00334186,100.0,Regular
2023-07-23T16:11:28.256Z,XBTUSD,Sell,6600,29923.0,MinusTick,0a852544-6e56-65cd-ea3a-dd34dd7c8272,22056606,0.22056606,6600.0,Regular
2023-07-23T16:11:28.256Z,XBTUSD,Sell,5000,29923.0,ZeroMinusTick,3e832435-ab19-5c4c-7ceb-b62fcc85b91c,16709550,0.1670955,5000.0,Regular
2023-07-23T16:11:28.256Z,XBTUSD,Sell,8800,29923.0,ZeroMinusTick,6dd8cbf2-cf94-76d5-2156-5b762f19bd33,29408808,0.29408808,8800.0,Regular
2023-07-23T16:11:28.975Z,XBTUSD,Sell,15000,29923.0,ZeroMinusTick,2b146b35-f04e-bba8-8a50-d582cefc8bd8,50128650,0.5012865,15000.0,Regular
2023-07-23T16:11:37.982Z,XBTUSD,Sell,300,29923.0,ZeroMinusTick,c8d05d2c-0708-46d6-88a5-bc5bb4ecfbd8,1002573,0.01002573,300.0,Regular
2023-07-23T16:11:37.982Z,XBTUSD,Sell,800,29923.0,ZeroMinusTick,b65db262-e34d-6815-ad82-557f7439f015,2673528,0.02673528,800.0,Regular
2023-07-23T16:11:37.982Z,XBTUSD,Sell,300,29923.0,ZeroMinusTick,24d04447-07f3-4487-5a15-17e3e08abc60,1002573,0.01002573,300.0,Regular
2023-07-23T16:11:37.982Z,XBTUSD,Sell,1000,29923.0,ZeroMinusTick,ddab36ed-3449-b7e1-7447-de095b20626b,3341910,0.0334191,1000.0,Regular
2023-07-23T16:11:37.982Z,XBTUSD,Sell,200,29923.0,ZeroMinusTick,1012c330-e30d-8eec-e66d-bf01b03fc8ac,668382,0.00668382,200.0,Regular
2023-07-23T16:11:37.982Z,XBTUSD,Sell,4600,29923.0,ZeroMinusTick,2f25045f-2e8a-1b9a-96cc-ac9ad3187a87,15372786,0.15372786,4600.0,Regular
2023-07-23T16:11:37.982Z,XBTUSD,Sell,200,29923.0,ZeroMinusTick,21ac4a88-21d7-c6d2-966f-1720f61d5590,668382,0.00668382,200.0,Regular
2023-07-23T16:11:37.982Z,XBTUSD,Sell,10700,29923.0,ZeroMinusTick,86bff714-1a86-bada-ba38-1d62f5ba4709,35758437,0.35758437,10700.0,Regular
2023-07-23T16:11:37.994Z,XBTUSD,Sell,11400,29923.0,ZeroMinusTick,e53b0084-478f-ef53-a340-7d274aec9eb1,38097774,0.38097774,11400.0,Regular
2023-07-23T16:11:37.994Z,XBTUSD,Sell,100,29923.0,ZeroMinusTick,e02414d0-e606-65fc-0116-cdca3528750c,334191,0.00334191,100.0,Regular
2023-07-23T16:11:37.994Z,XBTUSD,Sell,400,29923.0,ZeroMinusTick,9b14645e-7bdd-0bfe-18de-c1975434775d,1336764,0.01336764,400.0,Regular
2023-07-23T16:11:37.994Z,XBTUSD,Sell,100,29923.0,ZeroMinusTick,408f6a9b-5f52-3393-08df-96671ff98f2f,334191,0.00334191,100.0,Regular
2023-07-23T16:11:37.994Z,XBTUSD,Sell,5900,29923.0,ZeroMinusTick,f190162c-bc75-da8f-8f5a-48b90687adcf,19717269,0.19717269,5900.0,Regular
2023-07-23T16:11:37.994Z,XBTUSD,Sell,3700,29923.0,ZeroMinusTick,bfee79e6-c5fa-c70c-227d-a2af80aba730,12365067,0.12365067,3700.0,Regular
2023-07-23T16:11:38.011Z,XBTUSD,Sell,100,29922.5,MinusTick,6909ff66-a8bb-1f13-1597-d1811a2882d9,334197,0.00334197,100.0,Regular
2023-07-23T16:11:38.011Z,XBTUSD,Sell,800,29922.5,ZeroMinusTick,9fcd8c9f-b3c6-1eab-6942-4e6963ad8571,2673576,0.02673576,800.0,Regular
2023-07-23T16:11:40.107Z,XBTUSD,Sell,100,29920.0,MinusTick,8fce025b-fbc1-d0df-2b79-a6ffb7d456b9,334225,0.00334225,100.0,Regular
2023-07-23T16:11:40.107Z,XBTUSD,Sell,800,29920.0,ZeroMinusTick,77a47cf4-9c29-686f-ecd5-92bb2d6dba4d,2673800,0.026738,800.0,Regular
2023-07-23T16:11:40.107Z,XBTUSD,Sell,300,29920.0,ZeroMinusTick,d1a619eb-4c65-19a9-919d-dfef22ffda31,1002675,0.01002675,300.0,Regular
2023-07-23T16:11:40.107Z,XBTUSD,Sell,100,29920.0,ZeroMinusTick,e631ba99-f3c1-69c9-a41b-c80285b0a615,334225,0.00334225,100.0,Regular
2023-07-23T16:11:40.111Z,XBTUSD,Sell,4900,29920.0,ZeroMinusTick,f08ac8e9-f34a-789c-1904-183166321cfb,16377025,0.16377025,4900.0,Regular
2023-07-23T16:11:40.112Z,XBTUSD,Sell,1300,29920.0,ZeroMinusTick,85795be8-657d-a580-f0ee-bf16706de90c,4344925,0.04344925,1300.0,Regular
2023-07-23T16:11:40.117Z,XBTUSD,Sell,8700,29920.0,ZeroMinusTick,a7e914cd-cfe1-a063-dc6a-4f50c5ca9a98,29077575,0.29077575,8700.0,Regular
2023-07-23T16:11:40.118Z,XBTUSD,Sell,300,29919.5,MinusTick,df80fb02-4374-baa4-55ca-f8317e98a45b,1002690,0.0100269,300.0,Regular
2023-07-23T16:11:40.118Z,XBTUSD,Sell,800,29919.5,ZeroMinusTick,f25274f2-8241-45e5-681b-11627e124e4a,2673840,0.0267384,800.0,Regular
2023-07-23T16:11:40.118Z,XBTUSD,Sell,5600,29919.5,ZeroMinusTick,e7425091-4417-bac3-a0ef-423963a87b0a,18716880,0.1871688,5600.0,Regular
2023-07-23T16:11:40.125Z,XBTUSD,Sell,50300,29919.5,ZeroMinusTick,7942c0fc-ee15-e61b-a200-ea5fa684b706,168117690,1.6811769,50300.0,Regular
2023-07-23T16:11:40.126Z,XBTUSD,Sell,1200,29919.0,MinusTick,ab943620-e66a-b2ad-b574-2d70ec1370b4,4010832,0.04010832,1200.0,Regular
2023-07-23T16:11:40.136Z,XBTUSD,Sell,12400,29917.5,MinusTick,4cc6d0c2-76c5-bc1b-562f-018e1c850ede,41447372,0.41447372,12400.0,Regular
2023-07-23T16:11:40.136Z,XBTUSD,Sell,300,29917.5,ZeroMinusTick,c04dd843-8ff0-dbd0-0a5c-180032c1a9ff,1002759,0.01002759,300.0,Regular
2023-07-23T16:11:40.136Z,XBTUSD,Sell,2200,29917.5,ZeroMinusTick,e7245eec-40e7-c562-22ce-23d823f6128e,7353566,0.07353566,2200.0,Regular
2023-07-23T16:11:40.156Z,XBTUSD,Sell,9600,29917.0,MinusTick,15b636f1-3ecd-f27d-6249-5350fff217e9,32088768,0.32088768,9600.0,Regular
2023-07-23T16:11:40.156Z,XBTUSD,Sell,300,29917.0,ZeroMinusTick,d7bdbeb7-ed5f-6ac0-34fc-20f39822aa24,1002774,0.01002774,300.0,Regular
2023-07-23T16:11:40.156Z,XBTUSD,Sell,2200,29917.0,ZeroMinusTick,c5a4e032-1065-8ff2-4122-59091296556e,7353676,0.07353676,2200.0,Regular
2023-07-23T16:11:40.156Z,XBTUSD,Sell,25100,29917.0,ZeroMinusTick,08db2316-b7cb-9802-58ef-d59c7313d324,83898758,0.83898758,25100.0,Regular
2023-07-23T16:11:40.163Z,XBTUSD,Sell,12400,29917.0,ZeroMinusTick,3bd96b23-2135-fb3f-fadb-ee81b728b54e,41447992,0.41447992,12400.0,Regular
2023-07-23T16:11:40.163Z,XBTUSD,Sell,300,29916.5,MinusTick,9bff8861-9e4d-2ead-94bb-e21e912b632c,1002792,0.01002792,300.0,Regular
2023-07-23T16:11:40.163Z,XBTUSD,Sell,8800,29916.5,ZeroMinusTick,d57607f6-876c-e8f1-d3f4-f042be51e6fc,29415232,0.29415232,8800.0,Regular
2023-07-23T16:11:40.163Z,XBTUSD,Sell,8000,29916.5,ZeroMinusTick,9ec21840-d31b-8158-6499-1101e44ee631,26741120,0.2674112,8000.0,Regular
2023-07-23T16:11:40.163Z,XBTUSD,Sell,100,29916.0,MinusTick,6129f0d7-fb89-95ad-cdcb-ec7bf5e3b7f5,334269,0.00334269,100.0,Regular
2023-07-23T16:11:40.163Z,XBTUSD,Sell,300,29916.0,ZeroMinusTick,8972f6fd-6c7f-8114-3579-2c888f819da5,1002807,0.01002807,300.0,Regular
2023-07-23T16:11:40.163Z,XBTUSD,Sell,300,29915.5,MinusTick,fab7358a-b5fd-29dd-17f9-c713de666189,1002825,0.01002825,300.0,Regular
2023-07-23T16:11:41.005Z,XBTUSD,Buy,300,29915.5,ZeroMinusTick,3418e336-86dd-3579-85e4-b3a56704caea,1002825,0.01002825,300.0,Regular
2023-07-23T16:11:42.044Z,XBTUSD,Buy,100,29915.5,ZeroMinusTick,f0d62006-d0d4-d50c-089c-d216f32c5f83,334275,0.00334275,100.0,Regular
2023-07-23T16:11:43.854Z,XBTUSD,Sell,8500,29915.0,MinusTick,faf34a31-779e-c349-3252-c90c26870d78,28413800,0.284138,8500.0,Regular
2023-07-23T16:11:44.101Z,XBTUSD,Sell,800,29915.0,ZeroMinusTick,7589512d-bc2d-8e49-81d8-ce24dffafc21,2674240,0.0267424,800.0,Regular
2023-07-23T16:11:44.101Z,XBTUSD,Sell,300,29915.0,ZeroMinusTick,269b1fc5-c724-e25c-cd12-e4a72af8e950,1002840,0.0100284,300.0,Regular
2023-07-23T16:11:44.348Z,XBTUSD,Sell,800,29914.5,MinusTick,33aba087-769e-90d0-e5f7-91d715411f70,2674288,0.02674288,800.0,Regular
2023-07-23T16:11:45.659Z,XBTUSD,Sell,800,29914.0,MinusTick,0c4ff6f9-c30c-d721-a664-305e61dbc7b4,2674336,0.02674336,800.0,Regular
2023-07-23T16:11:45.659Z,XBTUSD,Sell,800,29913.5,MinusTick,f42fc04a-81f0-ba0e-7b7b-75d47e7a4bfc,2674376,0.02674376,800.0,Regular
2023-07-23T16:11:45.659Z,XBTUSD,Sell,100,29912.0,MinusTick,4add9b22-c484-e5ef-0752-7248a7b0155e,334314,0.00334314,100.0,Regular
2023-07-23T16:11:45.659Z,XBTUSD,Sell,300,29912.0,ZeroMinusTick,b7f47b8f-b4b3-853e-76a3-7dc53b8a8973,1002942,0.01002942,300.0,Regular
2023-07-23T16:11:48.093Z,XBTUSD,Buy,200,29911.5,MinusTick,9d639734-f414-e8c3-9c5f-d2f7818ea433,668640,0.0066864,200.0,Regular
2023-07-23T16:11:49.299Z,XBTUSD,Sell,15600,29911.0,MinusTick,a7dd212a-c124-eb12-317f-270a682fab24,52154700,0.521547,15600.0,Regular
2023-07-23T16:11:49.303Z,XBTUSD,Sell,14400,29911.0,ZeroMinusTick,c62eec25-d3f7-8693-c830-5af791322167,48142800,0.481428,14400.0,Regular
2023-07-23T16:11:49.303Z,XBTUSD,Sell,800,29911.0,ZeroMinusTick,b6801168-c30a-2679-4ad2-4a4b14f6b1c5,2674600,0.026746,800.0,Regular
2023-07-23T16:11:49.303Z,XBTUSD,Sell,300,29911.0,ZeroMinusTick,019811d0-e609-7d56-a025-a43eb8840e22,1002975,0.01002975,300.0,Regular
2023-07-23T16:11:49.303Z,XBTUSD,Sell,300,29911.0,ZeroMinusTick,d5d314fb-0395-694e-1e9d-b3c64d76a65b,1002975,0.01002975,300.0,Regular
2023-07-23T16:11:49.322Z,XBTUSD,Sell,800,29910.5,MinusTick,00357c70-92cd-a01e-2e38-14cfd65a7a40,2674648,0.02674648,800.0,Regular
2023-07-23T16:11:49.322Z,XBTUSD,Sell,2200,29910.0,MinusTick,4ef6da86-5265-c913-4659-8379b425e491,7355392,0.07355392,2200.0,Regular
2023-07-23T16:12:22.165Z,XBTUSD,Sell,100,29908.0,MinusTick,a11ef4ef-4bb5-b737-d931-6b519b1b51b4,334359,0.00334359,100.0,Regular
2023-07-23T16:12:22.165Z,XBTUSD,Sell,5000,29908.0,ZeroMinusTick,211026b3-e517-4d40-fe19-a414f0998adb,16717950,0.1671795,5000.0,Regular
2023-07-23T16:12:22.167Z,XBTUSD,Sell,24900,29908.0,ZeroMinusTick,13c03976-9f7c-bfa0-71a0-07a18a2b8c56,83255391,0.83255391,24900.0,Regular
2023-07-23T16:12:22.167Z,XBTUSD,Sell,300,29908.0,ZeroMinusTick,3183429a-4571-e495-9867-88119c0e5605,1003077,0.01003077,300.0,Regular
2023-07-23T16:12:22.167Z,XBTUSD,Sell,800,29908.0,ZeroMinusTick,34552a9a-43dc-3cde-563e-923d5f3b3fde,2674872,0.02674872,800.0,Regular
2023-07-23T16:12:22.167Z,XBTUSD,Sell,300,29908.0,ZeroMinusTick,cf9892ba-fe6a-4023-580d-7fdee358f9c5,1003077,0.01003077,300.0,Regular
2023-07-23T16:12:22.167Z,XBTUSD,Sell,100,29908.0,ZeroMinusTick,9adca3c0-8924-8822-671d-73163964a6f8,334359,0.00334359,100.0,Regular
2023-07-23T16:12:22.167Z,XBTUSD,Sell,200,29908.0,ZeroMinusTick,e3efbf68-7624-9af2-c3ea-405cf3b81a5f,668718,0.00668718,200.0,Regular
2023-07-23T16:12:22.185Z,XBTUSD,Sell,300,29907.5,MinusTick,d60f5502-3883-992e-d955-122eda4dab1f,1003092,0.01003092,300.0,Regular
2023-07-23T16:12:22.185Z,XBTUSD,Sell,800,29907.5,ZeroMinusTick,b4072047-a2b5-fd3d-bd10-e4e4f31a7b44,2674912,0.02674912,800.0,Regular
2023-07-23T16:12:23.198Z,XBTUSD,Buy,200,29905.5,MinusTick,eef54e34-0420-e9c2-cc5c-121f8bd0554c,668774,0.00668774,200.0,Regular
2023-07-23T16:12:27.986Z,XBTUSD,Buy,2000,29905.5,ZeroMinusTick,786abb66-433a-d6bf-2ea4-b94860f21850,6687740,0.0668774,2000.0,Regular
2023-07-23T16:12:28.958Z,XBTUSD,Buy,800,29905.5,ZeroMinusTick,3d888f32-fb41-3544-db65-42e68fc88bb7,2675096,0.02675096,800.0,Regular
2023-07-23T16:12:28.994Z,XBTUSD,Buy,800,29905.5,ZeroMinusTick,0c10597a-1088-4f5e-68e9-6b63de85162c,2675096,0.02675096,800.0,Regular
2023-07-23T16:12:29.017Z,XBTUSD,Buy,800,29905.5,ZeroMinusTick,c73f5e16-2562-5346-14db-a9943409fc30,2675096,0.02675096,800.0,Regular
2023-07-23T16:12:29.043Z,XBTUSD,Buy,800,29905.5,ZeroMinusTick,e16783cf-8c20-3039-4890-bfe970cf996f,2675096,0.02675096,800.0,Regular
2023-07-23T16:12:29.071Z,XBTUSD,Buy,800,29905.5,ZeroMinusTick,f81eb9f6-38bf-0447-011a-d1ebd59ac870,2675096,0.02675096,800.0,Regular
2023-07-23T16:12:29.097Z,XBTUSD,Buy,800,29905.5,ZeroMinusTick,2a6bd3cb-ad18-397c-7f21-5b7677386601,2675096,0.02675096,800.0,Regular
2023-07-23T16:12:31.980Z,XBTUSD,Buy,300,29905.5,ZeroMinusTick,ca4f04ad-266d-df8e-ca95-106b1a29283a,1003161,0.01003161,300.0,Regular
2023-07-23T16:12:32.551Z,XBTUSD,Buy,800,29905.5,ZeroMinusTick,f74aad22-492e-2dbf-6781-04cde6a67bc2,2675096,0.02675096,800.0,Regular
2023-07-23T16:12:32.642Z,XBTUSD,Buy,800,29905.5,ZeroMinusTick,b0d738ae-16ad-80fc-1d56-c6f29a06a581,2675096,0.02675096,800.0,Regular
2023-07-23T16:12:32.668Z,XBTUSD,Buy,800,29905.5,ZeroMinusTick,38560c18-5974-faad-7ec9-1a09548bcebd,2675096,0.02675096,800.0,Regular
2023-07-23T16:12:32.723Z,XBTUSD,Buy,800,29905.5,ZeroMinusTick,f7c167e9-884d-ff34-c69f-41b02b278ef8,2675096,0.02675096,800.0,Regular
2023-07-23T16:12:32.758Z,XBTUSD,Buy,300,29905.5,ZeroMinusTick,57b02136-4b20-26d7-dfc9-1ebd8e18abea,1003161,0.01003161,300.0,Regular
2023-07-23T16:12:32.758Z,XBTUSD,Buy,500,29905.5,ZeroMinusTick,d2b7d1da-5ee4-19d4-dc43-b089799bd5f0,1671935,0.01671935,500.0,Regular
2023-07-23T16:12:32.784Z,XBTUSD,Buy,500,29905.5,ZeroMinusTick,0673d58d-57be-6f7b-c764-8960771cd2ed,1671935,0.01671935,500.0,Regular
2023-07-23T16:12:32.784Z,XBTUSD,Buy,100,29905.5,ZeroMinusTick,de8a96e1-3121-ad6c-74eb-36625d5574e5,334387,0.00334387,100.0,Regular
2023-07-23T16:12:32.784Z,XBTUSD,Buy,200,29905.5,ZeroMinusTick,bb5bfa93-e2e3-f9d2-d11b-9aebe7152cb9,668774,0.00668774,200.0,Regular
2023-07-23T16:12:32.811Z,XBTUSD,Buy,800,29905.5,ZeroMinusTick,03f8b12a-1471-e66e-5e12-6bf46f9071ae,2675096,0.02675096,800.0,Regular
2023-07-23T16:12:32.839Z,XBTUSD,Buy,800,29905.5,ZeroMinusTick,181ccaed-205c-1659-b791-29707dac1243,2675096,0.02675096,800.0,Regular
2023-07-23T16:12:33.039Z,XBTUSD,Buy,800,29905.5,ZeroMinusTick,696e93f6-d84e-b74f-d3d1-272d9759f7a1,2675096,0.02675096,800.0,Regular
2023-07-23T16:12:33.079Z,XBTUSD,Buy,800,29905.5,ZeroMinusTick,d16fa972-2553-9589-4638-cb7eb6d0df7e,2675096,0.02675096,800.0,Regular
2023-07-23T16:12:33.359Z,XBTUSD,Buy,300,29905.5,ZeroMinusTick,428bb0e3-7ea3-08e3-9fb1-b81e97288a99,1003161,0.01003161,300.0,Regular
2023-07-23T16:12:35.893Z,XBTUSD,Buy,29600,29905.5,ZeroMinusTick,fada56aa-0dfc-aca7-348e-a2e57aed07ae,98978552,0.98978552,29600.0,Regular
2023-07-23T16:12:36.513Z,XBTUSD,Buy,800,29905.5,ZeroMinusTick,045b02d2-56c3-22c0-dfa7-696456a573ab,2675096,0.02675096,800.0,Regular
2023-07-23T16:12:36.549Z,XBTUSD,Buy,800,29905.5,ZeroMinusTick,a75e4bde-216c-adca-4fea-5aee62f03ed5,2675096,0.02675096,800.0,Regular
2023-07-23T16:12:36.583Z,XBTUSD,Buy,800,29905.5,ZeroMinusTick,789e83fa-1b61-f68e-f6e5-36908b3bcbd6,2675096,0.02675096,800.0,Regular
2023-07-23T16:12:36.630Z,XBTUSD,Buy,800,29905.5,ZeroMinusTick,ce4a1bb9-efdc-b09b-3b79-9b431e416642,2675096,0.02675096,800.0,Regular
2023-07-23T16:12:36.661Z,XBTUSD,Buy,800,29905.5,ZeroMinusTick,9d897739-691b-adf5-9c6c-5f3447a08d75,2675096,0.02675096,800.0,Regular
2023-07-23T16:12:36.694Z,XBTUSD,Buy,800,29905.5,ZeroMinusTick,7175ed09-07a4-2d8d-714c-0e3d5df6613a,2675096,0.02675096,800.0,Regular
2023-07-23T16:12:36.722Z,XBTUSD,Buy,800,29905.5,ZeroMinusTick,e211defa-9f73-dd44-99a0-291c9125aac3,2675096,0.02675096,800.0,Regular
2023-07-23T16:12:36.751Z,XBTUSD,Buy,800,29905.5,ZeroMinusTick,cbbdc478-68f7-ce37-a0f4-9e07f375491f,2675096,0.02675096,800.0,Regular
2023-07-23T16:12:36.780Z,XBTUSD,Buy,800,29905.5,ZeroMinusTick,dbb847ff-56b4-f6b4-a511-e62818d36b8c,2675096,0.02675096,800.0,Regular
2023-07-23T16:12:36.806Z,XBTUSD,Buy,800,29905.5,ZeroMinusTick,2bd4586d-e33c-b78d-3653-bd4d99d57682,2675096,0.02675096,800.0,Regular
2023-07-23T16:12:36.834Z,XBTUSD,Buy,800,29905.5,ZeroMinusTick,4f6e36ff-6819-ee4a-cc7e-952bba6e62da,2675096,0.02675096,800.0,Regular
2023-07-23T16:12:36.863Z,XBTUSD,Buy,800,29905.5,ZeroMinusTick,293506db-e100-48bf-eada-15705d658434,2675096,0.02675096,800.0,Regular
2023-07-23T16:12:36.889Z,XBTUSD,Buy,800,29905.5,ZeroMinusTick,ea1ca137-5f30-a166-a11f-6ac799f55ea4,2675096,0.02675096,800.0,Regular
2023-07-23T16:12:36.915Z,XBTUSD,Buy,800,29905.5,ZeroMinusTick,68740be7-bfdf-564e-a845-9b03f4f1c4d6,2675096,0.02675096,800.0,Regular
2023-07-23T16:12:36.944Z,XBTUSD,Buy,800,29905.5,ZeroMinusTick,ae066a80-49b1-6ecc-a55e-8e0141e290f6,2675096,0.02675096,800.0,Regular
2023-07-23T16:12:37.001Z,XBTUSD,Buy,800,29905.5,ZeroMinusTick,3ba68f99-922f-64c9-48f7-a33090037614,2675096,0.02675096,800.0,Regular
2023-07-23T16:12:52.943Z,XBTUSD,Buy,300,29905.5,ZeroMinusTick,58d5b78d-6dfc-0c17-a8ea-dd83d489a572,1003161,0.01003161,300.0,Regular
2023-07-23T16:12:53.239Z,XBTUSD,Buy,29600,29905.5,ZeroMinusTick,69e57b86-d681-16b0-e255-e2e449c60664,98978552,0.98978552,29600.0,Regular
2023-07-23T16:12:54.506Z,XBTUSD,Buy,300,29905.5,ZeroMinusTick,e33a9f2e-ae91-bb19-8c2a-00d8c3bb83a6,1003161,0.01003161,300.0,Regular
2023-07-23T16:13:18.367Z,XBTUSD,Buy,300,29905.5,ZeroMinusTick,c4ee09d7-4171-3b76-e46b-80275b2e3276,1003161,0.01003161,300.0,Regular
2023-07-23T16:13:29.078Z,XBTUSD,Buy,2300,29905.5,ZeroMinusTick,f04fc0bd-44b0-c03b-34c3-caeca9688ee0,7690901,0.07690901,2300.0,Regular
2023-07-23T16:13:29.099Z,XBTUSD,Buy,300,29905.5,ZeroMinusTick,1da2f5ce-41ac-52ed-d6c6-60eb2fd63f10,1003161,0.01003161,300.0,Regular
2023-07-23T16:14:14.185Z,XBTUSD,Buy,18300,29905.5,ZeroMinusTick,751b1cae-c2cf-e87c-2a00-5f1d30c26dc2,61192821,0.61192821,18300.0,Regular
2023-07-23T16:14:14.190Z,XBTUSD,Buy,303100,29905.5,ZeroMinusTick,9cc602be-cffc-619c-3cd1-f81e2f10ef8b,1013526997,10.13526997,303100.0,Regular
2023-07-23T16:14:14.195Z,XBTUSD,Buy,50200,29905.5,ZeroMinusTick,f09e1d3c-2b5c-547c-17bb-5d6080da471c,167862274,1.67862274,50200.0,Regular
2023-07-23T16:14:14.197Z,XBTUSD,Buy,20000,29905.5,ZeroMinusTick,d8b1272b-22e4-a9c4-78c7-a8d12864d7ec,66877400,0.668774,20000.0,Regular
2023-07-23T16:14:14.206Z,XBTUSD,Buy,69600,29905.5,ZeroMinusTick,a0bfefa1-48a8-0a01-217b-736888aec187,232733352,2.32733352,69600.0,Regular
2023-07-23T16:14:14.212Z,XBTUSD,Buy,79400,29905.5,ZeroMinusTick,af2869b6-fdbf-985b-3c38-3e787b2f1965,265503278,2.65503278,79400.0,Regular
2023-07-23T16:14:14.213Z,XBTUSD,Buy,214400,29905.5,ZeroMinusTick,f752a405-fa89-d0a9-e990-7ea9b52478c4,716925728,7.16925728,214400.0,Regular
2023-07-23T16:14:14.220Z,XBTUSD,Buy,68200,29905.5,ZeroMinusTick,1bfce482-ae33-c349-9eff-d13a912355d9,228051934,2.28051934,68200.0,Regular
2023-07-23T16:14:14.228Z,XBTUSD,Buy,44200,29905.5,ZeroMinusTick,ee20f633-a872-a232-8bcd-c201ed5c22f5,147799054,1.47799054,44200.0,Regular
2023-07-23T16:14:14.250Z,XBTUSD,Buy,33400,29905.5,ZeroMinusTick,f527dbcf-0ea5-efae-5973-47a5258fcd1c,111685258,1.11685258,33400.0,Regular
2023-07-23T16:14:14.255Z,XBTUSD,Buy,20200,29905.5,ZeroMinusTick,bdc3d8e7-f911-6f11-93e9-5019df34a66b,67546174,0.67546174,20200.0,Regular
2023-07-23T16:14:14.255Z,XBTUSD,Buy,1400,29905.5,ZeroMinusTick,d7bf5d95-b5cb-decf-405b-4f76f33ba96b,4681418,0.04681418,1400.0,Regular
2023-07-23T16:14:14.255Z,XBTUSD,Buy,800,29905.5,ZeroMinusTick,00470e7b-7740-7995-b0c2-0ba4b408d4cc,2675096,0.02675096,800.0,Regular
2023-07-23T16:14:14.255Z,XBTUSD,Buy,200,29905.5,ZeroMinusTick,b9257d9f-3462-d02d-9cf2-4824b893607b,668774,0.00668774,200.0,Regular
2023-07-23T16:14:14.255Z,XBTUSD,Buy,100,29905.5,ZeroMinusTick,22bcd7ae-323f-c7eb-4c9f-3f071ba1d8ed,334387,0.00334387,100.0,Regular
2023-07-23T16:14:14.255Z,XBTUSD,Buy,100,29905.5,ZeroMinusTick,30e6ae11-3f3b-89a6-e9fc-2a6815cf2bb7,334387,0.00334387,100.0,Regular
2023-07-23T16:14:14.255Z,XBTUSD,Buy,100,29905.5,ZeroMinusTick,06ba658b-c0fe-c063-174f-623828477778,334387,0.00334387,100.0,Regular
2023-07-23T16:14:14.255Z,XBTUSD,Buy,100,29905.5,ZeroMinusTick,39429d78-5b5b-590c-a080-8b64170bfa73,334387,0.00334387,100.0,Regular
2023-07-23T16:14:14.478Z,XBTUSD,Buy,100,29908.5,PlusTick,0b8a9afd-705d-7fce-eaf8-25b1c9dea9ec,334353,0.00334353,100.0,Regular
2023-07-23T16:14:14.478Z,XBTUSD,Buy,1200,29909.0,PlusTick,2dd93e85-4069-ee0b-a69f-c80fc864c3ff,4012176,0.04012176,1200.0,Regular
2023-07-23T16:14:14.478Z,XBTUSD,Buy,300,29912.5,PlusTick,595ae19f-7ead-8fb3-30c4-d76fa69e7934,1002924,0.01002924,300.0,Regular
2023-07-23T16:14:14.478Z,XBTUSD,Buy,2600,29913.0,PlusTick,c22db8d4-3384-11dd-814e-f7b39ff2033d,8691878,0.08691878,2600.0,Regular
2023-07-23T16:14:14.511Z,XBTUSD,Buy,5100,29912.5,MinusTick,1f2a8156-7bbc-7e15-0194-7ae114ba2927,17049708,0.17049708,5100.0,Regular
2023-07-23T16:14:14.660Z,XBTUSD,Buy,200,29914.0,PlusTick,550e7240-5fe9-2708-9feb-5a6cc85b8315,668584,0.00668584,200.0,Regular
2023-07-23T16:14:14.710Z,XBTUSD,Buy,1600,29914.0,ZeroPlusTick,fa102d9c-47cf-e85f-d934-412ebe12c3be,5348672,0.05348672,1600.0,Regular
2023-07-23T16:14:14.850Z,XBTUSD,Buy,3300,29914.0,ZeroPlusTick,57aecd03-9b58-2d4e-5242-9a62f63d433d,11031636,0.11031636,3300.0,Regular
2023-07-23T16:14:14.850Z,XBTUSD,Buy,4100,29914.0,ZeroPlusTick,17b31a08-3452-3915-7019-f3c894a9a327,13705972,0.13705972,4100.0,Regular
2023-07-23T16:14:14.859Z,XBTUSD,Buy,11500,29914.0,ZeroPlusTick,2220b5bf-818f-68a2-2327-cc885af44937,38443580,0.3844358,11500.0,Regular
2023-07-23T16:14:14.874Z,XBTUSD,Buy,7200,29914.0,ZeroPlusTick,d9103d2d-689f-ea3a-2045-7fe3c88552e0,24069024,0.24069024,7200.0,Regular
2023-07-23T16:14:14.874Z,XBTUSD,Buy,10900,29914.0,ZeroPlusTick,7c91f6a1-7e83-704c-55b3-4db5ad6cb3d7,36437828,0.36437828,10900.0,Regular
2023-07-23T16:14:14.905Z,XBTUSD,Buy,22600,29914.0,ZeroPlusTick,f2005220-4681-2aac-228a-754f219a1bc8,75549992,0.75549992,22600.0,Regular
2023-07-23T16:14:16.722Z,XBTUSD,Buy,400,29914.0,ZeroPlusTick,212e7470-acad-dee1-6b5a-7dc323b3aefd,1337168,0.01337168,400.0,Regular
2023-07-23T16:14:16.722Z,XBTUSD,Buy,200,29914.0,ZeroPlusTick,c5a5a45a-c3dc-5efc-777c-af95d2ab2363,668584,0.00668584,200.0,Regular
2023-07-23T16:14:16.731Z,XBTUSD,Buy,300,29916.0,PlusTick,99887411-c6a7-a5a8-64b7-850554d5af72,1002807,0.01002807,300.0,Regular
2023-07-23T16:14:16.731Z,XBTUSD,Buy,300,29916.5,PlusTick,9ed4e47c-f7df-35ba-95c1-3076137abae2,1002792,0.01002792,300.0,Regular
2023-07-23T16:14:16.731Z,XBTUSD,Buy,1200,29916.5,ZeroPlusTick,1b8df5e0-f79b-6294-f16d-187b266c8c50,4011168,0.04011168,1200.0,Regular
2023-07-23T16:14:16.731Z,XBTUSD,Buy,300,29917.0,PlusTick,124edc0e-546f-ac05-b1d7-ee1be3ebd157,1002774,0.01002774,300.0,Regular
2023-07-23T16:14:16.731Z,XBTUSD,Buy,1000,29917.0,ZeroPlusTick,2d047aa4-dadc-9347-45a1-136838802b88,3342580,0.0334258,1000.0,Regular
2023-07-23T16:14:16.731Z,XBTUSD,Buy,37500,29917.5,PlusTick,cb8d5844-a7f4-e8d4-2145-b5f982e356b3,125344875,1.25344875,37500.0,Regular
2023-07-23T16:14:16.731Z,XBTUSD,Buy,300,29917.5,ZeroPlusTick,9cb7227b-3c47-1c06-2edd-f286f0c5b47c,1002759,0.01002759,300.0,Regular
2023-07-23T16:14:16.766Z,XBTUSD,Buy,300,29918.0,PlusTick,a607bf6c-b3e6-6164-090c-21f92d7828f7,1002741,0.01002741,300.0,Regular
2023-07-23T16:14:16.766Z,XBTUSD,Buy,1900,29918.0,ZeroPlusTick,5edff06b-61a2-dcd0-a981-1fa769e78871,6350693,0.06350693,1900.0,Regular
2023-07-23T16:14:16.842Z,XBTUSD,Buy,100,29918.5,PlusTick,079d87b7-3a02-dfa9-41b9-fe83ecaa0163,334241,0.00334241,100.0,Regular
2023-07-23T16:14:16.842Z,XBTUSD,Buy,6700,29918.5,ZeroPlusTick,a124de75-42a7-e76f-af5a-3c18a05ebcef,22394147,0.22394147,6700.0,Regular
2023-07-23T16:14:16.842Z,XBTUSD,Buy,300,29920.0,PlusTick,e86ac721-7df2-db51-6c12-e1d55a8c7577,1002675,0.01002675,300.0,Regular
2023-07-23T16:14:16.842Z,XBTUSD,Buy,3000,29920.5,PlusTick,2f7da347-3c1f-3e55-224d-d7fe346f44a6,10026570,0.1002657,3000.0,Regular
2023-07-23T16:14:16.846Z,XBTUSD,Buy,2400,29920.5,ZeroPlusTick,88f69a2a-7f70-7120-6625-61f6c6b215b0,8021256,0.08021256,2400.0,Regular
2023-07-23T16:14:16.846Z,XBTUSD,Buy,1200,29921.0,PlusTick,250c9893-aa1a-ac6c-76d4-cea532b0cb1e,4010556,0.04010556,1200.0,Regular
2023-07-23T16:14:17.238Z,XBTUSD,Buy,29300,29923.0,PlusTick,0e05276e-bb9f-475b-d30d-429ecf2f8f3c,97917963,0.97917963,29300.0,Regular
2023-07-23T16:14:17.240Z,XBTUSD,Buy,1200,29923.0,ZeroPlusTick,6662cfff-94b6-dd84-46a1-f25e05bc355c,4010292,0.04010292,1200.0,Regular
2023-07-23T16:14:17.240Z,XBTUSD,Buy,1000,29923.0,ZeroPlusTick,db4b4cd7-14ca-2f42-15b3-ba0e10eca0cf,3341910,0.0334191,1000.0,Regular
2023-07-23T16:14:29.101Z,XBTUSD,Buy,37500,29925.0,PlusTick,89d45fdc-c2fb-9a1c-fff2-7ad7d5ee2c11,125313375,1.25313375,37500.0,Regular
2023-07-23T16:14:40.832Z,XBTUSD,Buy,300,29927.0,PlusTick,fb33bba6-1ce5-9ea4-064f-dbc2cd94af78,1002438,0.01002438,300.0,Regular
2023-07-23T16:14:46.532Z,XBTUSD,Buy,300,29927.0,ZeroPlusTick,be61dc47-e5ba-c456-6820-edfed5c32610,1002438,0.01002438,300.0,Regular
2023-07-23T16:14:58.722Z,XBTUSD,Sell,900,29926.5,MinusTick,13a48375-0895-3e6b-90ef-b81eee65f755,3007368,0.03007368,900.0,Regular
2023-07-23T16:14:58.722Z,XBTUSD,Sell,900,29926.5,ZeroMinusTick,2c30a343-bf31-599e-ebd2-a82819393b86,3007368,0.03007368,900.0,Regular
2023-07-23T16:14:58.722Z,XBTUSD,Sell,1400,29926.5,ZeroMinusTick,bee72255-0e6f-aa56-06c8-c05b6044a3d2,4678128,0.04678128,1400.0,Regular
2023-07-23T16:14:58.722Z,XBTUSD,Sell,300,29926.5,ZeroMinusTick,f0d49c48-c73d-cefe-acf2-738bb7eee771,1002456,0.01002456,300.0,Regular
2023-07-23T16:14:58.722Z,XBTUSD,Sell,1000,29926.5,ZeroMinusTick,d6e569f6-7098-5161-2082-3905de93476b,3341520,0.0334152,1000.0,Regular
2023-07-23T16:14:58.928Z,XBTUSD,Buy,5200,29925.5,MinusTick,ec8e5757-f141-40f9-91a8-846c6c65be4e,17376476,0.17376476,5200.0,Regular
2023-07-23T16:15:06.257Z,XBTUSD,Buy,300,29925.5,ZeroMinusTick,90be8eb4-f9fc-dd0a-2658-7f2a5b3538e4,1002489,0.01002489,300.0,Regular
2023-07-23T16:15:08.021Z,XBTUSD,Buy,300,29925.5,ZeroMinusTick,13c244cd-a4ef-8c9f-8df0-36a4e1fb2614,1002489,0.01002489,300.0,Regular
2023-07-23T16:15:20.360Z,XBTUSD,Buy,300,29925.5,ZeroMinusTick,1d3b5714-3575-0e54-cc2e-3765f187f9a2,1002489,0.01002489,300.0,Regular
2023-07-23T16:15:28.175Z,XBTUSD,Sell,300,29925.0,MinusTick,9c896a4f-d6e6-c1b6-abcc-f5b1d6f69434,1002507,0.01002507,300.0,Regular
2023-07-23T16:15:28.175Z,XBTUSD,Sell,300,29925.0,ZeroMinusTick,16df1735-abfe-18d4-b594-ca9b823c7efd,1002507,0.01002507,300.0,Regular
2023-07-23T16:15:28.175Z,XBTUSD,Sell,200,29925.0,ZeroMinusTick,789d8f30-1e16-a6e9-a048-7a501378d725,668338,0.00668338,200.0,Regular
2023-07-23T16:15:28.175Z,XBTUSD,Sell,200,29925.0,ZeroMinusTick,e2cb95a2-9aa3-7594-1f74-b30f9ff02a74,668338,0.00668338,200.0,Regular
2023-07-23T16:15:28.175Z,XBTUSD,Sell,75100,29925.0,ZeroMinusTick,94cb154e-5658-2418-ca56-d0526373ee04,250960919,2.50960919,75100.0,Regular
2023-07-23T16:15:28.175Z,XBTUSD,Sell,42700,29925.0,ZeroMinusTick,c6385514-9101-a529-e832-25f0ee58aa66,142690163,1.42690163,42700.0,Regular
2023-07-23T16:15:28.175Z,XBTUSD,Sell,600,29925.0,ZeroMinusTick,5bec3143-dcd6-0359-aa8d-225823fc2878,2005014,0.02005014,600.0,Regular
2023-07-23T16:15:28.175Z,XBTUSD,Sell,14300,29925.0,ZeroMinusTick,d8831ffa-c088-7e4a-3660-c6fa6ffa3b65,47786167,0.47786167,14300.0,Regular
2023-07-23T16:15:28.175Z,XBTUSD,Sell,6800,29925.0,ZeroMinusTick,1cb7a942-8825-6ca0-cb1c-e6b1bf8bd4b1,22723492,0.22723492,6800.0,Regular
2023-07-23T16:15:28.175Z,XBTUSD,Sell,38900,29925.0,ZeroMinusTick,98ed4e94-e1f5-4e18-919d-a72bd82635e5,129991741,1.29991741,38900.0,Regular
2023-07-23T16:15:28.175Z,XBTUSD,Sell,40200,29925.0,ZeroMinusTick,c75e5ceb-db12-07ca-78e0-a351adfad29d,134335938,1.34335938,40200.0,Regular
2023-07-23T16:15:28.175Z,XBTUSD,Sell,6400,29924.5,MinusTick,b6e12f09-b991-4e8d-ce5d-2cda66ccc18b,21387136,0.21387136,6400.0,Regular
2023-07-23T16:15:54.720Z,XBTUSD,Sell,3600,29924.5,ZeroMinusTick,730480ca-9014-8e8c-39ce-79f8750dea48,12030264,0.12030264,3600.0,Regular
2023-07-23T16:15:54.720Z,XBTUSD,Sell,800,29924.5,ZeroMinusTick,346b2414-f2bb-e6ab-1105-b2ecef6ef995,2673392,0.02673392,800.0,Regular
2023-07-23T16:15:54.720Z,XBTUSD,Sell,1700,29924.5,ZeroMinusTick,1406a618-b87c-b0d0-2b4b-17a6b1612785,5680958,0.05680958,1700.0,Regular
2023-07-23T16:15:54.720Z,XBTUSD,Sell,100,29924.5,ZeroMinusTick,f501b0ea-65b5-4c8d-194e-8f38a26f5cf2,334174,0.00334174,100.0,Regular
2023-07-23T16:15:54.720Z,XBTUSD,Sell,100,29924.5,ZeroMinusTick,1344a347-9996-929a-82f8-4baefc5df403,334174,0.00334174,100.0,Regular
2023-07-23T16:15:54.720Z,XBTUSD,Sell,200,29924.5,ZeroMinusTick,018b6641-20d0-1135-2df0-dd7839959400,668348,0.00668348,200.0,Regular
2023-07-23T16:15:54.731Z,XBTUSD,Sell,800,29924.0,MinusTick,448b59a5-8243-9aec-e0ca-6f088ab8ff6a,2673440,0.0267344,800.0,Regular
2023-07-23T16:15:58.140Z,XBTUSD,Sell,300,29923.0,MinusTick,66daf6a7-4431-5ccd-3c39-7b5948584b57,1002573,0.01002573,300.0,Regular
2023-07-23T16:15:58.140Z,XBTUSD,Sell,70000,29923.0,ZeroMinusTick,38563d30-bf59-434a-5e5d-b14006fa7d42,233933700,2.339337,70000.0,Regular
2023-07-23T16:15:58.140Z,XBTUSD,Sell,800,29923.0,ZeroMinusTick,84dfc3b9-eb35-7c06-d458-a6d10fc9be60,2673528,0.02673528,800.0,Regular
2023-07-23T16:15:58.140Z,XBTUSD,Sell,89100,29923.0,ZeroMinusTick,15073104-c92b-ac7e-c2a6-e9b6a634055d,297764181,2.97764181,89100.0,Regular
2023-07-23T16:15:58.144Z,XBTUSD,Sell,20600,29923.0,ZeroMinusTick,b129794b-47ae-d563-a3eb-f0eccd64c066,68843346,0.68843346,20600.0,Regular
2023-07-23T16:15:58.329Z,XBTUSD,Sell,300,29922.5,MinusTick,0c938036-b447-e265-a3c8-7008a15869af,1002591,0.01002591,300.0,Regular
2023-07-23T16:15:58.329Z,XBTUSD,Sell,800,29922.5,ZeroMinusTick,6befd306-c72b-7edf-f259-878ea65371e3,2673576,0.02673576,800.0,Regular
2023-07-23T16:16:03.873Z,XBTUSD,Sell,100,29919.5,MinusTick,59a38ec0-8970-d82c-adcd-3751f8b2db58,334230,0.0033423,100.0,Regular
2023-07-23T16:16:03.873Z,XBTUSD,Sell,300,29919.5,ZeroMinusTick,fdf5a3cf-373e-fa0b-c0be-abfe162de4aa,1002690,0.0100269,300.0,Regular
2023-07-23T16:16:03.873Z,XBTUSD,Sell,30000,29919.5,ZeroMinusTick,444f2ce7-a269-72f1-6564-29aa931a0463,100269000,1.00269,30000.0,Regular
2023-07-23T16:16:03.873Z,XBTUSD,Sell,800,29919.5,ZeroMinusTick,839ba13c-3c72-e4a5-7645-b76c4018a3e4,2673840,0.0267384,800.0,Regular
2023-07-23T16:16:03.873Z,XBTUSD,Sell,7400,29919.5,ZeroMinusTick,14272eb4-e9b4-d747-8b49-d3cc202f11db,24733020,0.2473302,7400.0,Regular
2023-07-23T16:16:03.873Z,XBTUSD,Sell,200,29919.5,ZeroMinusTick,338e83dd-e16e-4e06-5e53-f3f2d4df3959,668460,0.0066846,200.0,Regular
2023-07-23T16:16:03.873Z,XBTUSD,Sell,1800,29919.5,ZeroMinusTick,25016d31-0ab7-0ac8-70ef-fbc745a5caa6,6016140,0.0601614,1800.0,Regular
2023-07-23T16:16:03.873Z,XBTUSD,Sell,300,29919.5,ZeroMinusTick,53c5a979-5489-6754-7218-e0d258f57cad,1002690,0.0100269,300.0,Regular
2023-07-23T16:16:03.889Z,XBTUSD,Sell,800,29919.0,MinusTick,66395366-4f0d-8008-74d2-39b6e77f2cd2,2673888,0.02673888,800.0,Regular
2023-07-23T16:16:03.976Z,XBTUSD,Sell,1200,29918.5,MinusTick,442b6cda-ec4d-67c6-a2ed-75cb06a4e8b2,4010892,0.04010892,1200.0,Regular
2023-07-23T16:16:03.976Z,XBTUSD,Sell,800,29918.5,ZeroMinusTick,2427ed53-4d40-2121-d030-e155a932f9db,2673928,0.02673928,800.0,Regular
2023-07-23T16:16:04.704Z,XBTUSD,Buy,300,29918.5,ZeroMinusTick,f45a1824-6c3f-7d58-bb72-a1afdb0df3ca,1002723,0.01002723,300.0,Regular
2023-07-23T16:16:13.427Z,XBTUSD,Sell,17000,29918.0,MinusTick,78ea9735-8d22-ec0e-769a-07fd5d9249c0,56821990,0.5682199,17000.0,Regular
2023-07-23T16:16:14.264Z,XBTUSD,Sell,800,29918.0,ZeroMinusTick,c794e102-3326-0c04-cd0a-8c6a8e78b475,2673976,0.02673976,800.0,Regular
2023-07-23T16:16:14.264Z,XBTUSD,Sell,30000,29918.0,ZeroMinusTick,5783eec2-4cf6-0316-d2e3-312545e184dd,100274100,1.002741,30000.0,Regular
2023-07-23T16:16:14.264Z,XBTUSD,Sell,300,29918.0,ZeroMinusTick,22821e30-7f34-4319-6e45-a027cbd4e04e,1002741,0.01002741,300.0,Regular
2023-07-23T16:16:14.264Z,XBTUSD,Sell,300,29918.0,ZeroMinusTick,81143a70-c2e8-48d4-41ce-d6d03d7a857f,1002741,0.01002741,300.0,Regular
2023-07-23T16:16:14.264Z,XBTUSD,Sell,1300,29918.0,ZeroMinusTick,b6195b93-73ee-42e8-fffc-31b62d0b1dcd,4345211,0.04345211,1300.0,Regular
2023-07-23T16:16:14.264Z,XBTUSD,Sell,1800,29918.0,ZeroMinusTick,8d11abd7-220d-d718-726b-d8993bc39ba7,6016446,0.06016446,1800.0,Regular
2023-07-23T16:16:14.587Z,XBTUSD,Sell,800,29917.5,MinusTick,357367c0-1aac-70f5-c403-781785f4acaa,2674024,0.02674024,800.0,Regular
2023-07-23T16:16:14.745Z,XBTUSD,Sell,800,29917.0,MinusTick,9b617dbb-fcec-6159-8e11-8ca27791d79d,2674064,0.02674064,800.0,Regular
2023-07-23T16:16:15.768Z,XBTUSD,Sell,300,29916.5,MinusTick,21b4e445-897a-8168-49f2-569477ce3972,1002792,0.01002792,300.0,Regular
2023-07-23T16:16:15.768Z,XBTUSD,Sell,800,29916.5,ZeroMinusTick,bb510e3d-25e5-2d2b-02d0-e6278fcbb1d5,2674112,0.02674112,800.0,Regular
2023-07-23T16:16:15.782Z,XBTUSD,Buy,200,29917.0,PlusTick,dbd9e375-ba1f-a865-f601-687497e90078,668516,0.00668516,200.0,Regular
2023-07-23T16:16:15.853Z,XBTUSD,Sell,2000,29916.0,MinusTick,b7393d96-684c-2903-5a60-91b01ccd41fd,6685380,0.0668538,2000.0,Regular
2023-07-23T16:16:15.986Z,XBTUSD,Sell,800,29916.0,ZeroMinusTick,fe55548d-015c-c09b-ee1d-7931a5877db2,2674152,0.02674152,800.0,Regular
2023-07-23T16:16:15.986Z,XBTUSD,Sell,300,29916.0,ZeroMinusTick,c8892da1-c1e3-24d0-2718-aff9be74304e,1002807,0.01002807,300.0,Regular
2023-07-23T16:16:26.375Z,XBTUSD,Buy,300,29916.0,ZeroMinusTick,7d0cc46a-8c48-9633-2ef7-c0c44ce6d9cf,1002807,0.01002807,300.0,Regular
2023-07-23T16:16:27.925Z,XBTUSD,Buy,300,29916.0,ZeroMinusTick,461e8ece-1fde-9de4-00ec-e98801fd87b8,1002807,0.01002807,300.0,Regular
2023-07-23T16:16:32.566Z,XBTUSD,Buy,300,29916.0,ZeroMinusTick,7d89bde5-3648-bc06-a37a-b504c5f80ac2,1002807,0.01002807,300.0,Regular
2023-07-23T16:16:51.669Z,XBTUSD,Sell,300,29915.5,MinusTick,0f9574a7-e0c0-4cfb-f0ae-a130f97fcb0f,1002825,0.01002825,300.0,Regular
2023-07-23T16:16:51.669Z,XBTUSD,Sell,300,29915.5,ZeroMinusTick,dc43b2c5-e67f-ea3e-83ee-7fdd107e946c,1002825,0.01002825,300.0,Regular
2023-07-23T16:16:51.669Z,XBTUSD,Sell,400,29915.5,ZeroMinusTick,8206a645-40b7-562e-c9c5-908824f7331d,1337100,0.013371,400.0,Regular
2023-07-23T16:16:51.669Z,XBTUSD,Sell,100,29915.5,ZeroMinusTick,9249f4f6-812d-8c9a-8592-baae0f3478a1,334275,0.00334275,100.0,Regular
2023-07-23T16:16:51.669Z,XBTUSD,Sell,400,29915.5,ZeroMinusTick,ee86c81c-ac4c-1ea9-cf22-8a4dbf8f00cd,1337100,0.013371,400.0,Regular
2023-07-23T16:16:51.669Z,XBTUSD,Sell,400,29915.5,ZeroMinusTick,3f2fbd40-2b25-2951-6a6c-567e55e70e5f,1337100,0.013371,400.0,Regular
2023-07-23T16:16:51.669Z,XBTUSD,Sell,100,29915.5,ZeroMinusTick,56a60224-69be-711a-7f64-a97cfc553b40,334275,0.00334275,100.0,Regular
2023-07-23T16:16:51.669Z,XBTUSD,Sell,100,29915.5,ZeroMinusTick,5ae285ce-bd6f-c8a8-3bd7-872e20839564,334275,0.00334275,100.0,Regular
2023-07-23T16:16:56.908Z,XBTUSD,Buy,100,29913.5,MinusTick,362f5ab0-ddb8-a4fa-0740-be70f61e51ab,334297,0.00334297,100.0,Regular
2023-07-23T16:17:59.409Z,XBTUSD,Sell,1200,29913.0,MinusTick,a9774e27-bdbc-8c34-edc9-9863e61bfc76,4011636,0.04011636,1200.0,Regular
2023-07-23T16:17:59.409Z,XBTUSD,Sell,300,29913.0,ZeroMinusTick,56d38ac5-8996-b8e8-dbba-e662c86f9d73,1002909,0.01002909,300.0,Regular
2023-07-23T16:17:59.409Z,XBTUSD,Sell,30000,29913.0,ZeroMinusTick,d2d12ff3-531c-7e6f-91c5-dc23176b21b4,100290900,1.002909,30000.0,Regular
2023-07-23T16:17:59.409Z,XBTUSD,Sell,100,29913.0,ZeroMinusTick,73f7c385-59e3-97f2-c6a5-63bb51307314,334303,0.00334303,100.0,Regular
2023-07-23T16:17:59.409Z,XBTUSD,Sell,100,29913.0,ZeroMinusTick,d86ce07c-c520-6943-7539-82fc90fb58d7,334303,0.00334303,100.0,Regular
2023-07-23T16:17:59.409Z,XBTUSD,Sell,300,29913.0,ZeroMinusTick,c70c8861-48ad-42fa-02da-16fc37dc3152,1002909,0.01002909,300.0,Regular
2023-07-23T16:17:59.409Z,XBTUSD,Sell,400,29913.0,ZeroMinusTick,10174dd4-7cd1-f291-1565-0474198ef827,1337212,0.01337212,400.0,Regular
2023-07-23T16:17:59.409Z,XBTUSD,Sell,100,29913.0,ZeroMinusTick,93592a26-f756-c65d-cacf-bdeb02436a35,334303,0.00334303,100.0,Regular
2023-07-23T16:17:59.409Z,XBTUSD,Sell,200,29913.0,ZeroMinusTick,b2b5750d-0786-1f73-17fe-4eafffd5ee07,668606,0.00668606,200.0,Regular
2023-07-23T16:17:59.409Z,XBTUSD,Sell,100,29913.0,ZeroMinusTick,79df8283-9626-cb14-4150-7201e9e47dc3,334303,0.00334303,100.0,Regular
2023-07-23T16:17:59.409Z,XBTUSD,Sell,5000,29913.0,ZeroMinusTick,da54157f-ff5e-e35d-fe80-cb7977dd3959,16715150,0.1671515,5000.0,Regular
2023-07-23T16:17:59.409Z,XBTUSD,Sell,700,29913.0,ZeroMinusTick,9de215ed-e3fb-f13f-2d07-964f3fd19828,2340121,0.02340121,700.0,Regular
2023-07-23T16:18:11.967Z,XBTUSD,Sell,6500,29913.0,ZeroMinusTick,ebbce215-6d7a-7d7a-f343-9d9990cf7d96,21729695,0.21729695,6500.0,Regular
2023-07-23T16:18:11.967Z,XBTUSD,Sell,20800,29913.0,ZeroMinusTick,a94fec5f-d253-b06c-81b3-4cca55757bf6,69535024,0.69535024,20800.0,Regular
2023-07-23T16:18:11.973Z,XBTUSD,Sell,1700,29913.0,ZeroMinusTick,785fc2d9-4fc2-bde9-e86c-5ba9dead2d2a,5683151,0.05683151,1700.0,Regular
