timestamp,symbol,side,size,price,tickDirection,trdMatchID,grossValue,homeNotional,foreignNotional,trdType
2023-07-28T16:00:01.745Z,XBTUSD,Buy,4000,29375.5,ZeroPlusTick,e1bd7555-4df1-0f28-36aa-5c0e263755ba,13616800,0.136168,4000.0,Regular
2023-07-28T16:00:04.416Z,XBTUSD,Buy,20800,29375.5,ZeroPlusTick,5e60fb0b-c407-486b-b81f-4a87a23bde59,70807360,0.7080736,20800.0,Regular
2023-07-28T16:00:04.416Z,XBTUSD,Buy,8700,29375.5,ZeroPlusTick,56f75f08-40df-a911-ee87-0a53b1cb10b9,29616540,0.2961654,8700.0,Regular
2023-07-28T16:00:04.511Z,XBTUSD,Buy,100,29375.5,ZeroPlusTick,44ffeaf1-309d-84ed-1c85-9a33ec6b2650,340420,0.0034042,100.0,Regular
2023-07-28T16:00:08.356Z,XBTUSD,Sell,9600,29375.5,ZeroPlusTick,0d4598fd-0e28-d7c9-576b-3c48306078d2,32680320,0.3268032,9600.0,Regular
2023-07-28T16:00:10.841Z,XBTUSD,Sell,900,29375.5,ZeroPlusTick,d6bc3973-d6cb-e7b8-bd6a-be070c413c75,3063780,0.0306378,900.0,Regular
2023-07-28T16:00:10.841Z,XBTUSD,Sell,8700,29375.5,ZeroPlusTick,11b9fad9-2d8d-ab49-e49e-19e20626cff5,29616540,0.2961654,8700.0,Regular
2023-07-28T16:00:11.129Z,XBTUSD,Sell,14200,29375.5,ZeroPlusTick,ce375c9e-aa02-5ec9-7460-e2d0fbdc493e,48339640,0.4833964,14200.0,Regular
2023-07-28T16:00:12.480Z,XBTUSD,Buy,100,29376.0,PlusTick,182e64dd-260a-8d7d-899c-b84b99634bd5,340414,0.00340414,100.0,Regular
2023-07-28T16:00:12.481Z,XBTUSD,Buy,2200,29377.0,PlusTick,f6cd4c89-21ae-8783-e1a8-d22f237c5407,7488844,0.07488844,2200.0,Regular
2023-07-28T16:00:12.481Z,XBTUSD,Buy,2800,29378.0,PlusTick,528b6e5c-b817-40cd-c4df-6363c38b63e7,9530948,0.09530948,2800.0,Regular
2023-07-28T16:00:12.481Z,XBTUSD,Buy,100,29378.5,PlusTick,653cabcf-f3a3-a9df-86be-7641e75a91b7,340385,0.00340385,100.0,Regular
2023-07-28T16:00:12.481Z,XBTUSD,Buy,2200,29379.0,PlusTick,84c666ff-373a-6288-b671-44a0dd5cd348,7488338,0.07488338,2200.0,Regular
2023-07-28T16:00:12.481Z,XBTUSD,Buy,500,29380.0,PlusTick,4b92f3e8-f152-bf64-7ef9-bf4527822c44,1701840,0.0170184,500.0,Regular
2023-07-28T16:00:12.481Z,XBTUSD,Buy,300,29380.0,ZeroPlusTick,b69a64dd-9f40-7834-2ed6-1b821f94acaa,1021104,0.01021104,300.0,Regular
2023-07-28T16:00:12.481Z,XBTUSD,Buy,300,29380.0,ZeroPlusTick,83fef009-9e83-b773-479b-aa6b5614000a,1021104,0.01021104,300.0,Regular
2023-07-28T16:00:12.481Z,XBTUSD,Buy,44200,29381.0,PlusTick,8609bc56-76a3-c058-7d5b-ad97f5f105b8,150437352,1.50437352,44200.0,Regular
2023-07-28T16:00:13.663Z,XBTUSD,Sell,9600,29382.5,PlusTick,806c6ade-9f0a-3ff0-7de9-4d77fa271bc6,32672544,0.32672544,9600.0,Regular
2023-07-28T16:00:13.932Z,XBTUSD,Sell,14200,29382.5,ZeroPlusTick,badddb08-515e-baff-36dc-4888c7aec9f5,48328138,0.48328138,14200.0,Regular
2023-07-28T16:00:14.613Z,XBTUSD,Sell,3700,29382.5,ZeroPlusTick,02442799-6211-6744-4e4d-a4542681da1d,12592543,0.12592543,3700.0,Regular
2023-07-28T16:00:16.168Z,XBTUSD,Sell,9700,29382.5,ZeroPlusTick,757a5a85-b745-18a6-d2f4-11ebc500aa57,33012883,0.33012883,9700.0,Regular
2023-07-28T16:00:16.440Z,XBTUSD,Sell,5800,29382.5,ZeroPlusTick,f5ce18be-b4d7-a0d2-17d9-dbce6e5ca37e,19739662,0.19739662,5800.0,Regular
2023-07-28T16:00:16.440Z,XBTUSD,Sell,3800,29382.5,ZeroPlusTick,00328b15-63b9-734d-ab0e-52805b8a52ed,12932882,0.12932882,3800.0,Regular
2023-07-28T16:00:16.440Z,XBTUSD,Sell,4500,29382.5,ZeroPlusTick,772204bf-3075-831e-77c8-7c9f5f4f123b,15315255,0.15315255,4500.0,Regular
2023-07-28T16:00:17.123Z,XBTUSD,Sell,3600,29382.5,ZeroPlusTick,ad480675-f90d-f883-c687-bbe2b6952479,12252204,0.12252204,3600.0,Regular
2023-07-28T16:00:17.683Z,XBTUSD,Sell,9400,29382.5,ZeroPlusTick,6020e1f3-2777-8e10-14ef-d133f94e10da,31991866,0.31991866,9400.0,Regular
2023-07-28T16:00:17.683Z,XBTUSD,Sell,100,29382.5,ZeroPlusTick,7a05ca8d-d127-dc42-d198-387c3ff2af98,340339,0.00340339,100.0,Regular
2023-07-28T16:00:17.683Z,XBTUSD,Sell,4700,29382.5,ZeroPlusTick,a817d955-0997-229c-4faf-5f5a2b8c0ad9,15995933,0.15995933,4700.0,Regular
2023-07-28T16:00:17.683Z,XBTUSD,Sell,9400,29382.5,ZeroPlusTick,96bf14d8-5f09-a25a-4f1c-56c6437566ec,31991866,0.31991866,9400.0,Regular
2023-07-28T16:00:17.766Z,XBTUSD,Buy,4900,29380.0,MinusTick,def12a65-186c-f45a-ee99-25c7104c7bb1,16678032,0.16678032,4900.0,Regular
2023-07-28T16:00:18.676Z,XBTUSD,Sell,100,29379.5,MinusTick,5640a5a3-43dd-426c-9b88-62e3354f43a0,340373,0.00340373,100.0,Regular
2023-07-28T16:00:18.676Z,XBTUSD,Sell,9500,29379.5,ZeroMinusTick,1564bfeb-511a-be7b-cd7a-ea254a75c872,32335435,0.32335435,9500.0,Regular
2023-07-28T16:00:19.120Z,XBTUSD,Sell,14200,29379.5,ZeroMinusTick,2b55bd93-2b93-2376-d4d6-b277ab42a67a,48332966,0.48332966,14200.0,Regular
2023-07-28T16:00:19.624Z,XBTUSD,Sell,3700,29379.5,ZeroMinusTick,bd55def0-b7b1-39ae-bcaa-400d8ff388d1,12593801,0.12593801,3700.0,Regular
2023-07-28T16:00:21.181Z,XBTUSD,Sell,9600,29379.5,ZeroMinusTick,3fb0d2d8-6d52-513c-78c0-88c7230cce78,32675808,0.32675808,9600.0,Regular
2023-07-28T16:00:21.636Z,XBTUSD,Sell,6000,29379.5,ZeroMinusTick,ba942329-0b5b-881a-499e-fd78d185bcfe,20422380,0.2042238,6000.0,Regular
2023-07-28T16:00:21.636Z,XBTUSD,Sell,8100,29379.5,ZeroMinusTick,c9225b7f-91f9-05fc-ddac-e4759bb7ae28,27570213,0.27570213,8100.0,Regular
2023-07-28T16:00:22.136Z,XBTUSD,Sell,3600,29379.5,ZeroMinusTick,a8dd4b7a-b24b-b7c7-8190-0b1f1a832c5c,12253428,0.12253428,3600.0,Regular
2023-07-28T16:00:24.436Z,XBTUSD,Sell,14200,29379.5,ZeroMinusTick,fa8da1b0-3bc9-a329-6e2b-7e27a5dd2b2a,48332966,0.48332966,14200.0,Regular
2023-07-28T16:00:24.714Z,XBTUSD,Sell,3700,29379.5,ZeroMinusTick,9648e944-fae8-e27f-0f3e-91baadbe9c5d,12593801,0.12593801,3700.0,Regular
2023-07-28T16:00:27.152Z,XBTUSD,Sell,1200,29379.5,ZeroMinusTick,aa16785d-b597-f214-c9ec-fceb7a1e2c96,4084476,0.04084476,1200.0,Regular
2023-07-28T16:00:27.152Z,XBTUSD,Sell,2400,29379.5,ZeroMinusTick,29232add-2f3b-f0aa-5862-3299c1dbef55,8168952,0.08168952,2400.0,Regular
2023-07-28T16:00:34.194Z,XBTUSD,Sell,40600,29379.5,ZeroMinusTick,72b4ed57-85b9-a967-1f89-eac5a4867307,138191438,1.38191438,40600.0,Regular
2023-07-28T16:00:34.194Z,XBTUSD,Sell,10000,29379.5,ZeroMinusTick,e910d02d-cb23-84ce-15b6-fb0d64ae7260,34037300,0.340373,10000.0,Regular
2023-07-28T16:00:34.194Z,XBTUSD,Sell,29400,29379.5,ZeroMinusTick,4209a5b6-8620-14f0-6bd0-3b1f5e6ca186,100069662,1.00069662,29400.0,Regular
2023-07-28T16:00:34.201Z,XBTUSD,Buy,6200,29380.0,PlusTick,89744290-f71f-2665-32a7-f62d67f4f572,21102816,0.21102816,6200.0,Regular
2023-07-28T16:00:34.201Z,XBTUSD,Buy,2400,29380.0,ZeroPlusTick,1bb86a10-902d-539c-91cf-4dd7d38fc3f6,8168832,0.08168832,2400.0,Regular
2023-07-28T16:00:36.444Z,XBTUSD,Sell,2500,29379.5,MinusTick,e9862b0d-b2e8-96d1-ad88-f35df943e5ae,8509325,0.08509325,2500.0,Regular
2023-07-28T16:00:36.444Z,XBTUSD,Sell,3000,29379.5,ZeroMinusTick,5a79ecc0-cb9a-7443-c402-6857c49fb57f,10211190,0.1021119,3000.0,Regular
2023-07-28T16:00:36.444Z,XBTUSD,Sell,43000,29379.5,ZeroMinusTick,02868b62-8198-0de3-1e13-eba74357778f,146360390,1.4636039,43000.0,Regular
2023-07-28T16:00:36.444Z,XBTUSD,Sell,55900,29379.5,ZeroMinusTick,309c8826-f706-b69e-16e2-628ec9acb9df,190268507,1.90268507,55900.0,Regular
2023-07-28T16:00:36.463Z,XBTUSD,Sell,8800,29378.0,MinusTick,beb71391-b897-8c69-f7eb-425cdb709c32,29954408,0.29954408,8800.0,Regular
2023-07-28T16:00:36.468Z,XBTUSD,Sell,1000,29378.5,PlusTick,674deff1-1d88-3d30-528c-7fa1026b4dc8,3403850,0.0340385,1000.0,Regular
2023-07-28T16:00:36.468Z,XBTUSD,Sell,8600,29378.0,MinusTick,2a23aed2-8496-5bba-e82a-2b16d701c3b0,29273626,0.29273626,8600.0,Regular
2023-07-28T16:00:36.469Z,XBTUSD,Sell,32600,29378.0,ZeroMinusTick,f91e729e-9cf3-b42a-41d1-351d386dd4e2,110967466,1.10967466,32600.0,Regular
2023-07-28T16:00:36.474Z,XBTUSD,Sell,200,29377.5,MinusTick,c1f69f37-13ed-d778-b58b-8f9fad67d125,680794,0.00680794,200.0,Regular
2023-07-28T16:00:36.474Z,XBTUSD,Sell,25000,29377.5,ZeroMinusTick,6fdabb6c-29b9-08de-ce4e-9dce3b27a48b,85099250,0.8509925,25000.0,Regular
2023-07-28T16:00:36.477Z,XBTUSD,Sell,2500,29378.0,PlusTick,7c1c6787-d9e9-ff96-a271-f8aada0ee5f4,8509775,0.08509775,2500.0,Regular
2023-07-28T16:00:36.477Z,XBTUSD,Sell,100,29376.5,MinusTick,565f5ea2-f452-b302-6fbe-032778f3c1b1,340408,0.00340408,100.0,Regular
2023-07-28T16:00:36.477Z,XBTUSD,Sell,9500,29376.5,ZeroMinusTick,cd192a8e-ef60-7f53-c6ab-49ff7fec0af4,32338760,0.3233876,9500.0,Regular
2023-07-28T16:00:36.485Z,XBTUSD,Sell,1900,29378.5,PlusTick,30c4ba4f-f5ae-3f83-72e0-d071ad7f59f8,6467315,0.06467315,1900.0,Regular
2023-07-28T16:00:36.502Z,XBTUSD,Sell,300,29378.0,MinusTick,717c648e-8fed-64dd-dd78-565e4f74298e,1021173,0.01021173,300.0,Regular
2023-07-28T16:00:36.521Z,XBTUSD,Sell,3000,29378.0,ZeroMinusTick,b06e8569-81f1-7766-b6dc-553234ffaaae,10211730,0.1021173,3000.0,Regular
2023-07-28T16:00:36.521Z,XBTUSD,Sell,28200,29376.0,MinusTick,de341e60-787f-d5ae-05b4-95bb92c2bc22,95996748,0.95996748,28200.0,Regular
2023-07-28T16:00:36.524Z,XBTUSD,Sell,119500,29376.0,ZeroMinusTick,c0609524-5abc-6311-b292-3ee65bb73c59,406794730,4.0679473,119500.0,Regular
2023-07-28T16:00:36.524Z,XBTUSD,Sell,10200,29375.5,MinusTick,ba567ddb-7c28-9b88-92a6-63b3be04aa90,34722840,0.3472284,10200.0,Regular
2023-07-28T16:00:36.524Z,XBTUSD,Sell,198000,29375.5,ZeroMinusTick,209deb5a-4ddb-fecb-37c1-77be6ba7e181,674031600,6.740316,198000.0,Regular
2023-07-28T16:00:36.524Z,XBTUSD,Sell,500,29375.5,ZeroMinusTick,81c8ba40-4b1c-8e75-8290-c13b65bc7954,1702100,0.017021,500.0,Regular
2023-07-28T16:00:36.524Z,XBTUSD,Sell,1800,29375.5,ZeroMinusTick,40a556d7-be57-ece1-c38c-44e3096755f6,6127560,0.0612756,1800.0,Regular
2023-07-28T16:00:36.638Z,XBTUSD,Sell,81700,29375.0,MinusTick,06346f1a-d02a-f97a-4a4f-0a8fe20e7890,278128042,2.78128042,81700.0,Regular
2023-07-28T16:00:36.644Z,XBTUSD,Sell,18300,29375.0,ZeroMinusTick,e61b9b35-69b7-7c51-790e-194a30ce38a2,62297958,0.62297958,18300.0,Regular
2023-07-28T16:00:36.692Z,XBTUSD,Sell,100,29373.5,MinusTick,3604473b-5b23-ce8b-98ef-ee5835797ba8,340443,0.00340443,100.0,Regular
2023-07-28T16:00:36.692Z,XBTUSD,Sell,2100,29372.5,MinusTick,5ea09d7c-aaf2-6fcb-2b7d-d2261622e47e,7149555,0.07149555,2100.0,Regular
2023-07-28T16:00:36.873Z,XBTUSD,Sell,200,29370.0,MinusTick,81209aee-e97f-018a-bdb7-01b1313c4277,680966,0.00680966,200.0,Regular
2023-07-28T16:00:36.873Z,XBTUSD,Sell,3300,29370.0,ZeroMinusTick,c767eb6d-b8e8-a988-0026-525beb1fb9e1,11235939,0.11235939,3300.0,Regular
2023-07-28T16:00:36.873Z,XBTUSD,Sell,900,29370.0,ZeroMinusTick,e04564d8-c41e-5880-7148-299ec3913737,3064347,0.03064347,900.0,Regular
2023-07-28T16:00:37.141Z,XBTUSD,Buy,6800,29372.0,PlusTick,6a8094f0-7056-af36-45c6-7d654deb1e0f,23151280,0.2315128,6800.0,Regular
2023-07-28T16:00:37.141Z,XBTUSD,Buy,43000,29373.5,PlusTick,84cc8e4c-e041-c54e-2c0e-fc49d887cb44,146390490,1.4639049,43000.0,Regular
2023-07-28T16:00:37.333Z,XBTUSD,Sell,5200,29373.5,ZeroPlusTick,55d569f3-2af7-8cea-b7f3-ba7c1277994c,17703036,0.17703036,5200.0,Regular
2023-07-28T16:00:40.035Z,XBTUSD,Buy,400,29374.0,PlusTick,e1fc58af-c0ac-8f86-74c1-9003b25bf8c1,1361748,0.01361748,400.0,Regular
2023-07-28T16:00:40.035Z,XBTUSD,Buy,1600,29374.0,ZeroPlusTick,c288ba10-cfe1-b5e9-3f50-acb4b58b615e,5446992,0.05446992,1600.0,Regular
2023-07-28T16:00:40.931Z,XBTUSD,Sell,2500,29371.5,MinusTick,546c2a24-4ae8-5e8e-e0f0-f458ccc5630c,8511650,0.0851165,2500.0,Regular
2023-07-28T16:00:41.007Z,XBTUSD,Sell,25000,29371.0,MinusTick,fccf94b1-d218-653e-c066-99cbd1a2f3b4,85118000,0.85118,25000.0,Regular
2023-07-28T16:00:42.528Z,XBTUSD,Sell,55900,29368.5,MinusTick,6b56e36f-1475-1cb5-fc25-9947e8e6ebd3,190340059,1.90340059,55900.0,Regular
2023-07-28T16:00:42.555Z,XBTUSD,Sell,100,29367.5,MinusTick,1daaa171-081e-c73a-39c1-b84b0f00a0af,340512,0.00340512,100.0,Regular
2023-07-28T16:00:51.341Z,XBTUSD,Sell,5000,29365.0,MinusTick,89eeb56f-9b05-5fb3-f463-fa40caf5b9ab,17027050,0.1702705,5000.0,Regular
2023-07-28T16:00:51.341Z,XBTUSD,Sell,9800,29364.5,MinusTick,932688a3-7283-a6f3-384a-55ab9aa54e9f,33373606,0.33373606,9800.0,Regular
2023-07-28T16:00:52.273Z,XBTUSD,Buy,200,29364.5,ZeroMinusTick,226898db-ef11-a996-4a11-30570da8ad17,681094,0.00681094,200.0,Regular
2023-07-28T16:00:54.149Z,XBTUSD,Buy,600,29364.5,ZeroMinusTick,34348423-57cb-8149-8663-f2c9b9f5b81d,2043282,0.02043282,600.0,Regular
2023-07-28T16:00:56.117Z,XBTUSD,Buy,1700,29364.5,ZeroMinusTick,7da73303-7fa8-9644-b08f-548347352444,5789299,0.05789299,1700.0,Regular
2023-07-28T16:00:57.920Z,XBTUSD,Sell,400,29364.0,MinusTick,0ea316cd-100c-9d8c-c951-15702088ef17,1362212,0.01362212,400.0,Regular
2023-07-28T16:01:00.104Z,XBTUSD,Buy,500,29364.5,PlusTick,1aec08db-2d17-c867-e9cc-968c2dc51144,1702735,0.01702735,500.0,Regular
2023-07-28T16:01:00.104Z,XBTUSD,Buy,900,29364.5,ZeroPlusTick,572447ca-585b-840d-7ba5-3f3d86717796,3064923,0.03064923,900.0,Regular
2023-07-28T16:01:00.104Z,XBTUSD,Buy,7700,29364.5,ZeroPlusTick,534b5bc9-1e5b-331b-10c2-8149061e41c5,26222119,0.26222119,7700.0,Regular
2023-07-28T16:01:00.104Z,XBTUSD,Buy,700,29364.5,ZeroPlusTick,2d3b1fa1-4fd4-fcf4-f002-3f9650c5099a,2383829,0.02383829,700.0,Regular
2023-07-28T16:01:00.104Z,XBTUSD,Buy,9600,29364.5,ZeroPlusTick,ce897292-919a-a687-2919-b255443d8792,32692512,0.32692512,9600.0,Regular
2023-07-28T16:01:00.104Z,XBTUSD,Buy,300,29364.5,ZeroPlusTick,29c4b639-a393-4e5e-d0ea-8cae8c699e8c,1021641,0.01021641,300.0,Regular
2023-07-28T16:01:00.104Z,XBTUSD,Buy,300,29364.5,ZeroPlusTick,3e8444ef-5d64-36b2-62ef-1eff30b6d5e7,1021641,0.01021641,300.0,Regular
2023-07-28T16:01:00.104Z,XBTUSD,Buy,4500,29364.5,ZeroPlusTick,bf504676-baa7-7d65-4d5c-fd3221140573,15324615,0.15324615,4500.0,Regular
2023-07-28T16:01:00.104Z,XBTUSD,Buy,100,29364.5,ZeroPlusTick,aa69d019-a786-32d7-35db-11728b235dd2,340547,0.00340547,100.0,Regular
2023-07-28T16:01:00.104Z,XBTUSD,Buy,400,29364.5,ZeroPlusTick,a5597dd8-532b-ef91-8f54-26c59692e88e,1362188,0.01362188,400.0,Regular
2023-07-28T16:01:00.104Z,XBTUSD,Buy,66300,29364.5,ZeroPlusTick,19ea5e8c-1226-2bc3-ec11-d18b352cd156,225782661,2.25782661,66300.0,Regular
2023-07-28T16:01:00.104Z,XBTUSD,Buy,5700,29364.5,ZeroPlusTick,7c53987a-e40a-51f9-2ed6-60175d850423,19411179,0.19411179,5700.0,Regular
2023-07-28T16:01:00.104Z,XBTUSD,Buy,100,29364.5,ZeroPlusTick,e355d4a9-910d-b4fb-e7fa-a0dce9959c0b,340547,0.00340547,100.0,Regular
2023-07-28T16:01:00.104Z,XBTUSD,Buy,5300,29364.5,ZeroPlusTick,b9d371ff-fce8-e55b-e6f0-0511dd6be4fe,18048991,0.18048991,5300.0,Regular
2023-07-28T16:01:12.338Z,XBTUSD,Sell,73400,29366.5,PlusTick,33dbc46d-5873-d0c2-b457-3b25eebf18e3,249944616,2.49944616,73400.0,Regular
2023-07-28T16:01:12.338Z,XBTUSD,Sell,5000,29366.5,ZeroPlusTick,7626d8b9-977d-b239-c093-d8327ece247b,17026200,0.170262,5000.0,Regular
2023-07-28T16:01:12.338Z,XBTUSD,Sell,100,29366.0,MinusTick,f42372de-f72c-38a2-10a1-738659c1ad30,340530,0.0034053,100.0,Regular
2023-07-28T16:01:12.338Z,XBTUSD,Sell,100,29366.0,ZeroMinusTick,0ceecd92-dae0-8aa1-8121-693412fc31ea,340530,0.0034053,100.0,Regular
2023-07-28T16:01:12.338Z,XBTUSD,Sell,200,29365.0,MinusTick,d3baa9bb-2b59-6c8c-c0d2-28c27d749e71,681082,0.00681082,200.0,Regular
2023-07-28T16:01:12.338Z,XBTUSD,Sell,1200,29365.0,ZeroMinusTick,f2ce54e7-9ef7-8b61-36ce-81b4e278efcf,4086492,0.04086492,1200.0,Regular
2023-07-28T16:01:14.137Z,XBTUSD,Sell,67600,29365.0,ZeroMinusTick,34033f6c-9d46-2635-f1ff-a669b4f411d3,230205716,2.30205716,67600.0,Regular
2023-07-28T16:01:14.137Z,XBTUSD,Sell,3000,29365.0,ZeroMinusTick,8bf6915d-a550-8967-4795-f9bb56268863,10216230,0.1021623,3000.0,Regular
2023-07-28T16:01:14.137Z,XBTUSD,Sell,9400,29365.0,ZeroMinusTick,e0a7d1bc-87c0-de39-4b42-9106516e1e62,32010854,0.32010854,9400.0,Regular
2023-07-28T16:01:14.241Z,XBTUSD,Sell,46500,29365.0,ZeroMinusTick,a033a610-a807-4160-ae62-0d147a6ca1bf,158351565,1.58351565,46500.0,Regular
2023-07-28T16:01:14.241Z,XBTUSD,Sell,21600,29365.0,ZeroMinusTick,3a5d5834-eb1b-3164-0b15-a0c51b9d2447,73556856,0.73556856,21600.0,Regular
2023-07-28T16:01:14.241Z,XBTUSD,Sell,900,29365.0,ZeroMinusTick,37803fdd-5646-f856-17a2-86a8810405b0,3064869,0.03064869,900.0,Regular
2023-07-28T16:01:15.151Z,XBTUSD,Sell,700,29364.0,MinusTick,269f3747-0c57-0aa8-76a7-46b4c8b080af,2383871,0.02383871,700.0,Regular
2023-07-28T16:01:15.151Z,XBTUSD,Sell,100,29364.0,ZeroMinusTick,7e1c3161-ee8b-19d0-33d6-14a15e0897c6,340553,0.00340553,100.0,Regular
2023-07-28T16:01:15.852Z,XBTUSD,Sell,100,29364.0,ZeroMinusTick,f72510d1-39ac-603d-3d72-4fa25d900625,340553,0.00340553,100.0,Regular
2023-07-28T16:01:16.352Z,XBTUSD,Sell,4800,29364.0,ZeroMinusTick,2f199c51-1fc9-ee63-9a5a-a70a5da3de86,16346544,0.16346544,4800.0,Regular
2023-07-28T16:01:16.352Z,XBTUSD,Sell,25200,29364.0,ZeroMinusTick,f2931037-7e94-a4e1-0204-53eb69f553b4,85819356,0.85819356,25200.0,Regular
2023-07-28T16:01:37.087Z,XBTUSD,Sell,3000,29364.0,ZeroMinusTick,e01df305-7c96-b36f-f4f6-c683940d38ab,10216590,0.1021659,3000.0,Regular
2023-07-28T16:01:37.151Z,XBTUSD,Sell,52900,29364.0,ZeroMinusTick,a37bfd04-914d-2477-4505-9420de98e9df,180152537,1.80152537,52900.0,Regular
2023-07-28T16:01:37.151Z,XBTUSD,Sell,4200,29364.0,ZeroMinusTick,d27af1f8-9cf7-2729-7b2a-6d5d722cecb8,14303226,0.14303226,4200.0,Regular
2023-07-28T16:01:37.247Z,XBTUSD,Sell,1300,29363.5,MinusTick,e94e4e70-b7a4-2654-dc98-f022fd19e883,4427267,0.04427267,1300.0,Regular
2023-07-28T16:01:37.259Z,XBTUSD,Sell,3700,29363.5,ZeroMinusTick,498cbfe6-f9df-be38-573a-18a8b442da91,12600683,0.12600683,3700.0,Regular
2023-07-28T16:02:01.320Z,XBTUSD,Sell,2000,29362.0,MinusTick,ed97af5e-3688-a3af-9a7e-44ef89d1f7c5,6811520,0.0681152,2000.0,Regular
2023-07-28T16:02:01.320Z,XBTUSD,Sell,100,29362.0,ZeroMinusTick,951347a9-1d16-cbcd-71dc-c0f762cfd611,340576,0.00340576,100.0,Regular
2023-07-28T16:02:01.320Z,XBTUSD,Sell,5000,29362.0,ZeroMinusTick,2bd7883c-6538-d85d-a978-bd1f4dfa7589,17028800,0.170288,5000.0,Regular
2023-07-28T16:02:01.320Z,XBTUSD,Sell,9000,29362.0,ZeroMinusTick,3367e442-af76-0efd-080d-79d019636020,30651840,0.3065184,9000.0,Regular
2023-07-28T16:02:01.320Z,XBTUSD,Sell,2000,29362.0,ZeroMinusTick,64d1fabc-77e2-cd34-b288-af62d3a19007,6811520,0.0681152,2000.0,Regular
2023-07-28T16:02:01.320Z,XBTUSD,Sell,2000,29362.0,ZeroMinusTick,7b69bb51-e2c4-f7b9-986f-696493a5f8a7,6811520,0.0681152,2000.0,Regular
2023-07-28T16:02:04.258Z,XBTUSD,Sell,100,29360.0,MinusTick,eafb6f76-b0ed-155b-30ac-6c6e4830ad3d,340599,0.00340599,100.0,Regular
2023-07-28T16:02:04.258Z,XBTUSD,Sell,200,29360.0,ZeroMinusTick,cbf53fda-b25e-a116-2287-2653a2a05a87,681198,0.00681198,200.0,Regular
2023-07-28T16:02:12.272Z,XBTUSD,Buy,43200,29360.5,PlusTick,b449fab9-845b-fe6d-7ec5-176682447b0d,147136608,1.47136608,43200.0,Regular
2023-07-28T16:02:12.272Z,XBTUSD,Buy,15000,29360.5,ZeroPlusTick,de2a0af1-312c-b484-1641-cc350367881b,51089100,0.510891,15000.0,Regular
2023-07-28T16:02:12.272Z,XBTUSD,Buy,100,29360.5,ZeroPlusTick,d01421e9-4b7d-103e-27af-12f899886402,340594,0.00340594,100.0,Regular
2023-07-28T16:02:12.272Z,XBTUSD,Buy,17600,29360.5,ZeroPlusTick,ebb5f4c6-f440-6ddb-3736-efbf070dcea4,59944544,0.59944544,17600.0,Regular
2023-07-28T16:02:12.272Z,XBTUSD,Buy,200,29360.5,ZeroPlusTick,140bc3e4-d4f1-f2e0-4a8d-4de48ba57972,681188,0.00681188,200.0,Regular
2023-07-28T16:02:15.258Z,XBTUSD,Buy,1400,29362.5,PlusTick,cc957453-c3b7-9ce2-14e8-0fe1b830fb3e,4767980,0.0476798,1400.0,Regular
2023-07-28T16:02:15.258Z,XBTUSD,Buy,100,29362.5,ZeroPlusTick,3ec9e883-c1e4-afbd-9579-2f8764fb474d,340570,0.0034057,100.0,Regular
2023-07-28T16:02:15.258Z,XBTUSD,Buy,1100,29362.5,ZeroPlusTick,a40861ee-4cd0-6081-1fe2-d896e55c93a7,3746270,0.0374627,1100.0,Regular
2023-07-28T16:02:15.258Z,XBTUSD,Buy,100,29362.5,ZeroPlusTick,abe362c0-f300-b966-78fc-679ec2b53122,340570,0.0034057,100.0,Regular
2023-07-28T16:02:15.258Z,XBTUSD,Buy,1400,29362.5,ZeroPlusTick,f71d74ef-1c19-dd89-fb88-b86255773d4b,4767980,0.0476798,1400.0,Regular
2023-07-28T16:02:15.258Z,XBTUSD,Buy,2400,29362.5,ZeroPlusTick,2faeb563-7669-aedf-b768-9cd627e02944,8173680,0.0817368,2400.0,Regular
2023-07-28T16:02:15.258Z,XBTUSD,Buy,8500,29362.5,ZeroPlusTick,f2d2e17d-3055-bc57-f0f8-1e036582cc58,28948450,0.2894845,8500.0,Regular
2023-07-28T16:02:17.884Z,XBTUSD,Buy,15000,29362.5,ZeroPlusTick,dceba7e6-ae20-0daa-280b-71917a754697,51085500,0.510855,15000.0,Regular
2023-07-28T16:03:00.207Z,XBTUSD,Sell,7000,29362.0,MinusTick,200c392f-5790-b5eb-84e8-e097e4e8d6cf,23840320,0.2384032,7000.0,Regular
2023-07-28T16:03:09.880Z,XBTUSD,Buy,100,29362.5,PlusTick,5638c3a3-1465-3659-b91d-875393fbb264,340570,0.0034057,100.0,Regular
2023-07-28T16:03:09.880Z,XBTUSD,Buy,100,29362.5,ZeroPlusTick,19d8209c-e8a2-ed41-da93-47b2defc4f34,340570,0.0034057,100.0,Regular
2023-07-28T16:03:09.880Z,XBTUSD,Buy,700,29362.5,ZeroPlusTick,fbe1f848-e385-3a8b-0127-f3e3169b347d,2383990,0.0238399,700.0,Regular
2023-07-28T16:03:09.880Z,XBTUSD,Buy,1200,29362.5,ZeroPlusTick,9685ea1a-78ed-9bf0-302a-c1ee3990e204,4086840,0.0408684,1200.0,Regular
2023-07-28T16:03:09.880Z,XBTUSD,Buy,1000,29362.5,ZeroPlusTick,66b361a7-7c1b-8a39-06b0-05986cad824a,3405700,0.034057,1000.0,Regular
2023-07-28T16:03:09.880Z,XBTUSD,Buy,1900,29362.5,ZeroPlusTick,18ea1305-21e7-d3ee-9b80-67a7ebd1f71f,6470830,0.0647083,1900.0,Regular
2023-07-28T16:03:16.219Z,XBTUSD,Sell,3000,29362.0,MinusTick,60949cc9-e4bb-7772-0038-89549bb3c3fc,10217280,0.1021728,3000.0,Regular
2023-07-28T16:03:16.219Z,XBTUSD,Sell,19200,29362.0,ZeroMinusTick,d191aa8b-a4e8-4f77-4cb3-30aea50ffdb4,65390592,0.65390592,19200.0,Regular
2023-07-28T16:03:16.226Z,XBTUSD,Sell,14500,29362.0,ZeroMinusTick,a3a4e668-0213-62dd-d8a9-5e28b82870eb,49383520,0.4938352,14500.0,Regular
2023-07-28T16:03:16.226Z,XBTUSD,Sell,35200,29362.0,ZeroMinusTick,2638b5a7-0ffb-0c1e-1b9e-8771640f5291,119882752,1.19882752,35200.0,Regular
2023-07-28T16:03:16.226Z,XBTUSD,Sell,12300,29362.0,ZeroMinusTick,ad52acfa-4a28-85e2-d5e9-f445a05bdc70,41890848,0.41890848,12300.0,Regular
2023-07-28T16:03:16.226Z,XBTUSD,Sell,31300,29362.0,ZeroMinusTick,39a2b231-fa60-acc1-aed6-944b02c5f4ac,106600288,1.06600288,31300.0,Regular
2023-07-28T16:03:16.234Z,XBTUSD,Sell,30300,29360.5,MinusTick,d3bfa142-3fb5-dbf6-5f12-689578e9e852,103199982,1.03199982,30300.0,Regular
2023-07-28T16:03:16.236Z,XBTUSD,Sell,25600,29360.5,ZeroMinusTick,b8c55874-ed55-214e-5ede-2addf9484c82,87192064,0.87192064,25600.0,Regular
2023-07-28T16:03:16.236Z,XBTUSD,Sell,200,29360.0,MinusTick,e320eead-fb6c-1e80-78b9-6bce6ee32822,681198,0.00681198,200.0,Regular
2023-07-28T16:03:16.236Z,XBTUSD,Sell,2000,29360.0,ZeroMinusTick,5059d9f6-7707-4562-b8f7-8ca98cbbdb81,6811980,0.0681198,2000.0,Regular
2023-07-28T16:03:16.236Z,XBTUSD,Sell,200,29360.0,ZeroMinusTick,c92777d2-5398-0f8c-dd56-e058e6bce2c2,681198,0.00681198,200.0,Regular
2023-07-28T16:03:16.317Z,XBTUSD,Sell,500,29358.0,MinusTick,566f1d7c-6c56-e1b3-54a8-4c9dfca9a4a9,1703115,0.01703115,500.0,Regular
2023-07-28T16:03:16.317Z,XBTUSD,Sell,10000,29358.0,ZeroMinusTick,fb34ff2c-205f-4944-8d88-532b3054909b,34062300,0.340623,10000.0,Regular
2023-07-28T16:03:16.317Z,XBTUSD,Sell,11300,29357.5,MinusTick,819480e6-6fc5-40e2-7935-464e0a0257fa,38490964,0.38490964,11300.0,Regular
2023-07-28T16:03:16.317Z,XBTUSD,Sell,6000,29357.5,ZeroMinusTick,d06dd6c9-8f31-fdb5-d9b4-a0666ce7497e,20437680,0.2043768,6000.0,Regular
2023-07-28T16:03:20.888Z,XBTUSD,Sell,100,29357.0,MinusTick,3d8b9b2b-fa50-9e21-5ed0-67c29de735bf,340634,0.00340634,100.0,Regular
2023-07-28T16:03:20.888Z,XBTUSD,Sell,100,29357.0,ZeroMinusTick,4a8866aa-bd12-b2af-7fae-2190d546a510,340634,0.00340634,100.0,Regular
2023-07-28T16:03:26.539Z,XBTUSD,Sell,200,29355.0,MinusTick,beb71194-297d-74be-4785-1ab1903219af,681314,0.00681314,200.0,Regular
2023-07-28T16:03:26.539Z,XBTUSD,Sell,900,29355.0,ZeroMinusTick,9b512845-53f0-2e40-59e2-e159d1537d91,3065913,0.03065913,900.0,Regular
2023-07-28T16:03:26.539Z,XBTUSD,Sell,3900,29355.0,ZeroMinusTick,7b95f82e-756f-ca15-9efb-59aafcf3cbfa,13285623,0.13285623,3900.0,Regular
2023-07-28T16:03:52.737Z,XBTUSD,Buy,61000,29354.0,MinusTick,523983b7-ba95-795b-deb5-26fc7fb22fff,207808090,2.0780809,61000.0,Regular
2023-07-28T16:03:52.737Z,XBTUSD,Buy,100,29354.0,ZeroMinusTick,a3b383a8-f6e5-ae5d-3652-6dab09b48dd4,340669,0.00340669,100.0,Regular
2023-07-28T16:03:52.737Z,XBTUSD,Buy,1100,29354.0,ZeroMinusTick,64cf88de-b258-ae3d-969c-e6a93c0b2132,3747359,0.03747359,1100.0,Regular
2023-07-28T16:03:52.737Z,XBTUSD,Buy,1600,29354.0,ZeroMinusTick,c215607f-b6db-a75a-d972-59662876a43d,5450704,0.05450704,1600.0,Regular
2023-07-28T16:03:52.737Z,XBTUSD,Buy,400,29354.0,ZeroMinusTick,0bfc00c2-e3e5-c5b4-292e-3c62f4e19570,1362676,0.01362676,400.0,Regular
2023-07-28T16:03:52.737Z,XBTUSD,Buy,3100,29354.0,ZeroMinusTick,ed608734-1f56-e1ba-4f7e-ea53572a6574,10560739,0.10560739,3100.0,Regular
2023-07-28T16:03:52.737Z,XBTUSD,Buy,14000,29354.0,ZeroMinusTick,e127c3bc-f107-a35d-446c-56826e6f180a,47693660,0.4769366,14000.0,Regular
2023-07-28T16:03:52.737Z,XBTUSD,Buy,18200,29354.0,ZeroMinusTick,1c045eed-5b0f-3f41-91af-bdb88787533a,62001758,0.62001758,18200.0,Regular
2023-07-28T16:03:53.026Z,XBTUSD,Buy,10000,29355.5,PlusTick,ae1943ac-88ae-3de3-8dc1-31e5ff394811,34065200,0.340652,10000.0,Regular
2023-07-28T16:03:53.026Z,XBTUSD,Buy,21100,29355.5,ZeroPlusTick,d90ed217-be09-e2ee-7403-2128edce4a8c,71877572,0.71877572,21100.0,Regular
2023-07-28T16:03:53.026Z,XBTUSD,Buy,200,29355.5,ZeroPlusTick,0279fd40-7595-e846-ccd3-d1b9cc20b8ee,681304,0.00681304,200.0,Regular
2023-07-28T16:04:05.694Z,XBTUSD,Sell,2900,29353.5,MinusTick,70d874d4-ec5a-d399-322d-633f99e46106,9879575,0.09879575,2900.0,Regular
2023-07-28T16:04:05.694Z,XBTUSD,Sell,2900,29353.5,ZeroMinusTick,39528b51-9986-9ca5-65fc-fbda87a25e5e,9879575,0.09879575,2900.0,Regular
2023-07-28T16:04:05.694Z,XBTUSD,Sell,2900,29353.5,ZeroMinusTick,82f91510-43b1-d99d-77fb-13d7df4fd53f,9879575,0.09879575,2900.0,Regular
2023-07-28T16:04:05.696Z,XBTUSD,Sell,2000,29353.0,MinusTick,3e919425-6e7a-07af-447e-11cfe02eb4e0,6813620,0.0681362,2000.0,Regular
2023-07-28T16:04:05.696Z,XBTUSD,Sell,300,29353.0,ZeroMinusTick,ae08a2de-4057-33ef-62c6-814996e2d83c,1022043,0.01022043,300.0,Regular
2023-07-28T16:04:05.696Z,XBTUSD,Sell,100,29352.0,MinusTick,5c090f9e-fc52-7966-52d9-ca706a6ca81c,340692,0.00340692,100.0,Regular
2023-07-28T16:04:05.696Z,XBTUSD,Sell,3300,29352.0,ZeroMinusTick,d0188880-c7be-f247-000f-c3ea66e49022,11242836,0.11242836,3300.0,Regular
2023-07-28T16:04:05.696Z,XBTUSD,Sell,50000,29352.0,ZeroMinusTick,fe477eb1-1b32-2dc0-361e-9486a3421cdf,170346000,1.70346,50000.0,Regular
2023-07-28T16:04:05.696Z,XBTUSD,Sell,3300,29351.5,MinusTick,3c6d668e-0d9d-b145-10c0-ed75229085d5,11243034,0.11243034,3300.0,Regular
2023-07-28T16:04:05.730Z,XBTUSD,Sell,3300,29351.0,MinusTick,a24408fe-3edc-87b5-39da-abf34d048987,11243232,0.11243232,3300.0,Regular
2023-07-28T16:04:05.730Z,XBTUSD,Sell,1000,29350.0,MinusTick,00a2a530-2ea1-2210-de1e-63d9a585b4e2,3407160,0.0340716,1000.0,Regular
2023-07-28T16:04:05.730Z,XBTUSD,Sell,200,29350.0,ZeroMinusTick,0aea74b6-d403-7695-886a-52148d7bf2c9,681432,0.00681432,200.0,Regular
2023-07-28T16:04:05.730Z,XBTUSD,Sell,2000,29350.0,ZeroMinusTick,5247b8ff-8fd7-62d4-468a-72cc14959072,6814320,0.0681432,2000.0,Regular
2023-07-28T16:04:05.730Z,XBTUSD,Sell,25000,29350.0,ZeroMinusTick,3a346470-1257-a499-f82f-aa836ae565f7,85179000,0.85179,25000.0,Regular
2023-07-28T16:04:05.730Z,XBTUSD,Sell,200,29350.0,ZeroMinusTick,4cbab292-c23e-90d6-cbdb-d053ac4259d9,681432,0.00681432,200.0,Regular
2023-07-28T16:04:05.730Z,XBTUSD,Sell,3300,29350.0,ZeroMinusTick,1e1ac864-b06f-a350-2c0e-b5fb6d94b93a,11243628,0.11243628,3300.0,Regular
2023-07-28T16:04:05.730Z,XBTUSD,Sell,300,29350.0,ZeroMinusTick,f433deb3-041d-2ec7-8537-54f788bfcf21,1022148,0.01022148,300.0,Regular
2023-07-28T16:04:05.730Z,XBTUSD,Sell,2900,29349.5,MinusTick,bf196cd9-4b7a-5e00-82c0-348136d6893e,9880909,0.09880909,2900.0,Regular
2023-07-28T16:04:05.817Z,XBTUSD,Sell,400,29349.5,ZeroMinusTick,a31efaec-8c31-ee4c-2acc-4cf3bb5691b5,1362884,0.01362884,400.0,Regular
2023-07-28T16:04:05.817Z,XBTUSD,Sell,3300,29349.0,MinusTick,8374b791-c252-7b1a-a008-a65ebb880641,11243991,0.11243991,3300.0,Regular
2023-07-28T16:04:05.817Z,XBTUSD,Sell,60000,29349.0,ZeroMinusTick,cededa40-ed19-185e-4225-6d3cbfb7c94d,204436200,2.044362,60000.0,Regular
2023-07-28T16:04:06.204Z,XBTUSD,Buy,300,29349.5,PlusTick,0078e2a9-5193-8f11-4550-7c03061cc437,1022163,0.01022163,300.0,Regular
2023-07-28T16:04:11.423Z,XBTUSD,Buy,1500,29347.5,MinusTick,8792716a-45e2-af9b-cebb-d2868542f4c3,5111175,0.05111175,1500.0,Regular
2023-07-28T16:04:19.679Z,XBTUSD,Sell,200,29347.0,MinusTick,f25c3751-6144-7c83-d7fd-acdbf72fb723,681500,0.006815,200.0,Regular
2023-07-28T16:04:19.689Z,XBTUSD,Sell,100,29346.5,MinusTick,8cdc0c64-c965-ebd5-6301-d225e59cce1b,340756,0.00340756,100.0,Regular
2023-07-28T16:04:24.473Z,XBTUSD,Buy,32900,29345.5,MinusTick,5b0e4250-5d66-3d78-016f-4bce6d129610,112112672,1.12112672,32900.0,Regular
2023-07-28T16:04:24.473Z,XBTUSD,Buy,6200,29345.5,ZeroMinusTick,8daee5a1-1f1f-4840-a163-db38dc3016a6,21127616,0.21127616,6200.0,Regular
2023-07-28T16:04:24.473Z,XBTUSD,Buy,500,29345.5,ZeroMinusTick,1d88189f-7b84-881e-d22d-875f03e2982f,1703840,0.0170384,500.0,Regular
2023-07-28T16:04:24.473Z,XBTUSD,Buy,100,29345.5,ZeroMinusTick,857f3b3b-a375-0c96-f677-556c2fe18193,340768,0.00340768,100.0,Regular
2023-07-28T16:04:24.473Z,XBTUSD,Buy,16300,29345.5,ZeroMinusTick,a259054d-798c-42ba-6e14-84b0f59c350f,55545184,0.55545184,16300.0,Regular
2023-07-28T16:04:24.473Z,XBTUSD,Buy,2900,29345.5,ZeroMinusTick,2c105070-dc40-6419-3171-5fe920d74936,9882272,0.09882272,2900.0,Regular
2023-07-28T16:04:24.473Z,XBTUSD,Buy,28800,29345.5,ZeroMinusTick,161996d7-f615-25eb-c427-c9bb480b169a,98141184,0.98141184,28800.0,Regular
2023-07-28T16:04:24.473Z,XBTUSD,Buy,11800,29345.5,ZeroMinusTick,6c41f4fc-d9fc-ff56-c76b-48ada25d9bc3,40210624,0.40210624,11800.0,Regular
2023-07-28T16:04:24.473Z,XBTUSD,Buy,8000,29345.5,ZeroMinusTick,3aac52cc-d7c7-f95b-7d6c-633cf34b7da8,27261440,0.2726144,8000.0,Regular
2023-07-28T16:04:24.473Z,XBTUSD,Buy,900,29345.5,ZeroMinusTick,bc4b558d-9c27-e826-8d1d-e2c4f1d4a4f6,3066912,0.03066912,900.0,Regular
2023-07-28T16:04:24.473Z,XBTUSD,Buy,700,29345.5,ZeroMinusTick,6d7953d8-8cfa-2cf5-19b5-13c9a0b218b3,2385376,0.02385376,700.0,Regular
2023-07-28T16:04:24.473Z,XBTUSD,Buy,5300,29345.5,ZeroMinusTick,bdc34566-1f0a-5427-73d9-259bb7685c88,18060704,0.18060704,5300.0,Regular
2023-07-28T16:04:24.473Z,XBTUSD,Buy,4000,29345.5,ZeroMinusTick,e9fe4005-927b-2c74-a3cf-0269e0965a73,13630720,0.1363072,4000.0,Regular
2023-07-28T16:04:24.473Z,XBTUSD,Buy,300,29345.5,ZeroMinusTick,079f262b-a0c5-a853-adad-3fe857ca07e1,1022304,0.01022304,300.0,Regular
2023-07-28T16:04:24.473Z,XBTUSD,Buy,800,29345.5,ZeroMinusTick,e334e1be-83d0-3959-7609-0e142572134c,2726144,0.02726144,800.0,Regular
2023-07-28T16:04:37.366Z,XBTUSD,Sell,200,29345.0,MinusTick,8a344ff4-0462-e319-aec7-ecd74b15665e,681548,0.00681548,200.0,Regular
2023-07-28T16:04:40.483Z,XBTUSD,Sell,2000,29343.0,MinusTick,295b551b-ccce-c94a-c980-dccb9c6d6b87,6815940,0.0681594,2000.0,Regular
2023-07-28T16:04:40.483Z,XBTUSD,Sell,500,29343.0,ZeroMinusTick,1f0ce22d-cb61-163e-c414-e8f01c302d72,1703985,0.01703985,500.0,Regular
2023-07-28T16:04:47.094Z,XBTUSD,Sell,11300,29342.0,MinusTick,c3cf5e4e-b96b-1b27-e078-486696239789,38511304,0.38511304,11300.0,Regular
2023-07-28T16:04:47.094Z,XBTUSD,Sell,25000,29342.0,ZeroMinusTick,1344a198-b681-a677-925f-2fc940edc537,85202000,0.85202,25000.0,Regular
2023-07-28T16:04:47.094Z,XBTUSD,Sell,100,29342.0,ZeroMinusTick,3fbe4a21-d9ee-d066-102e-173e9a066ea1,340808,0.00340808,100.0,Regular
2023-07-28T16:04:47.094Z,XBTUSD,Sell,43000,29342.0,ZeroMinusTick,c7382439-002a-d40a-982f-30d1097bcbd2,146547440,1.4654744,43000.0,Regular
2023-07-28T16:04:47.094Z,XBTUSD,Sell,36600,29341.0,MinusTick,e2f5431b-6ac4-6455-a8a0-6555725a9806,124740120,1.2474012,36600.0,Regular
2023-07-28T16:04:47.118Z,XBTUSD,Sell,400,29340.5,MinusTick,75f14156-d974-345b-211c-fcd868f0cef2,1363304,0.01363304,400.0,Regular
2023-07-28T16:04:47.118Z,XBTUSD,Sell,11300,29340.5,ZeroMinusTick,3998e4f0-d769-7b96-ff06-5670c20629c8,38513338,0.38513338,11300.0,Regular
2023-07-28T16:04:47.118Z,XBTUSD,Sell,100,29340.0,MinusTick,8c2a2f68-9b95-309c-1f2e-754ac70c18b2,340832,0.00340832,100.0,Regular
2023-07-28T16:04:47.118Z,XBTUSD,Sell,33100,29340.0,ZeroMinusTick,db74d8b5-f269-0e7a-b867-525699d67ccc,112815392,1.12815392,33100.0,Regular
2023-07-28T16:04:47.119Z,XBTUSD,Sell,56900,29340.0,ZeroMinusTick,2ab8d4e1-4710-450c-c5b2-b15708c0858e,193933408,1.93933408,56900.0,Regular
2023-07-28T16:04:47.119Z,XBTUSD,Sell,200,29340.0,ZeroMinusTick,99630476-8e2a-09f8-bb3b-430e20d86615,681664,0.00681664,200.0,Regular
2023-07-28T16:04:47.119Z,XBTUSD,Sell,100,29340.0,ZeroMinusTick,675ae22e-8ca5-c466-941c-d680b893be71,340832,0.00340832,100.0,Regular
2023-07-28T16:04:47.119Z,XBTUSD,Sell,200,29340.0,ZeroMinusTick,59819bcf-62ea-bc96-262e-380840100034,681664,0.00681664,200.0,Regular
2023-07-28T16:04:47.149Z,XBTUSD,Sell,300,29339.0,MinusTick,0f8e5337-7fc0-8a7f-b408-cf0e1f25d9ca,1022529,0.01022529,300.0,Regular
2023-07-28T16:04:47.149Z,XBTUSD,Sell,300,29339.0,ZeroMinusTick,14165b4b-7268-c08a-b0d5-4213af035754,1022529,0.01022529,300.0,Regular
2023-07-28T16:04:47.149Z,XBTUSD,Sell,300,29338.5,MinusTick,613b8c92-5315-ff0a-3f6c-42458b13468e,1022547,0.01022547,300.0,Regular
2023-07-28T16:04:47.149Z,XBTUSD,Sell,1000,29338.0,MinusTick,2b3bc7e1-ce44-e0da-a0e4-3c45e54414a1,3408550,0.0340855,1000.0,Regular
2023-07-28T16:04:47.164Z,XBTUSD,Sell,99300,29338.0,ZeroMinusTick,dfa648d3-ea63-cba2-f562-726c010697f6,338469015,3.38469015,99300.0,Regular
2023-07-28T16:04:47.172Z,XBTUSD,Sell,1900,29338.0,ZeroMinusTick,7072d416-bfa7-fe17-1ec5-0fc472fbafe7,6476245,0.06476245,1900.0,Regular
2023-07-28T16:04:47.175Z,XBTUSD,Sell,43800,29338.0,ZeroMinusTick,624ebe9c-9c57-c35d-471e-667d40f8ba03,149294490,1.4929449,43800.0,Regular
2023-07-28T16:04:47.176Z,XBTUSD,Sell,104000,29338.0,ZeroMinusTick,840c5328-af27-127a-2044-2148e614656a,354489200,3.544892,104000.0,Regular
2023-07-28T16:04:47.230Z,XBTUSD,Sell,200,29337.5,MinusTick,214e6db0-8593-9f31-058d-bd2d1498832e,681722,0.00681722,200.0,Regular
2023-07-28T16:04:47.230Z,XBTUSD,Sell,41800,29337.0,MinusTick,fb2488dd-355a-0477-b8b8-9b8d4622b687,142481988,1.42481988,41800.0,Regular
2023-07-28T16:04:47.356Z,XBTUSD,Sell,10000,29337.0,ZeroMinusTick,3cbfb11f-8b3c-bbd2-f621-93b081f12a93,34086600,0.340866,10000.0,Regular
2023-07-28T16:04:47.388Z,XBTUSD,Sell,10000,29337.0,ZeroMinusTick,849ced65-8903-89a3-cdbb-b05c08bf7060,34086600,0.340866,10000.0,Regular
2023-07-28T16:04:47.441Z,XBTUSD,Sell,4100,29337.0,ZeroMinusTick,34cfc0a3-ad1f-26ad-f96c-f5c0832c2956,13975506,0.13975506,4100.0,Regular
2023-07-28T16:04:47.478Z,XBTUSD,Sell,24100,29337.0,ZeroMinusTick,48467fb1-92d5-d9aa-edbc-2187b812e95c,82148706,0.82148706,24100.0,Regular
2023-07-28T16:04:47.675Z,XBTUSD,Buy,11300,29337.5,PlusTick,fcfabfbe-c176-1c38-3f27-162f4e9eadcf,38517293,0.38517293,11300.0,Regular
2023-07-28T16:04:47.675Z,XBTUSD,Buy,9800,29337.5,ZeroPlusTick,27d78498-aa11-4a43-383c-638f5a2690a5,33404378,0.33404378,9800.0,Regular
2023-07-28T16:04:55.898Z,XBTUSD,Buy,1000,29339.0,PlusTick,ff94e306-008e-cd95-ec88-f7c4c078cf0d,3408430,0.0340843,1000.0,Regular
2023-07-28T16:05:00.603Z,XBTUSD,Buy,43000,29336.5,MinusTick,2a070b2c-d2f4-8368-97ef-93a66d6c3f3d,146574960,1.4657496,43000.0,Regular
2023-07-28T16:05:00.603Z,XBTUSD,Buy,2000,29336.5,ZeroMinusTick,def1ceec-2767-0a23-9e28-af84b5018bef,6817440,0.0681744,2000.0,Regular
2023-07-28T16:05:00.603Z,XBTUSD,Buy,73300,29336.5,ZeroMinusTick,b811dbba-f8d9-f35a-5df2-1367ed66192a,249859176,2.49859176,73300.0,Regular
2023-07-28T16:05:00.603Z,XBTUSD,Buy,1300,29336.5,ZeroMinusTick,a13a668e-9574-95df-aa3c-70d425910fa0,4431336,0.04431336,1300.0,Regular
2023-07-28T16:05:00.603Z,XBTUSD,Buy,300,29336.5,ZeroMinusTick,398afd8d-adef-0fe7-065a-3f85b4072e99,1022616,0.01022616,300.0,Regular
2023-07-28T16:05:00.603Z,XBTUSD,Buy,200,29336.5,ZeroMinusTick,fab808ff-3d2c-b070-deb3-0dc886f5e69c,681744,0.00681744,200.0,Regular
2023-07-28T16:05:00.603Z,XBTUSD,Buy,2700,29336.5,ZeroMinusTick,468f2f2b-4f2d-c97e-0aea-cd2891eb9a53,9203544,0.09203544,2700.0,Regular
2023-07-28T16:05:00.603Z,XBTUSD,Buy,200,29336.5,ZeroMinusTick,97832e01-e3a9-078b-144d-89f6e9bc9d7c,681744,0.00681744,200.0,Regular
2023-07-28T16:05:00.603Z,XBTUSD,Buy,200,29336.5,ZeroMinusTick,fbd377f7-5214-1ab6-d9ff-42dc644fcbdd,681744,0.00681744,200.0,Regular
2023-07-28T16:05:00.603Z,XBTUSD,Buy,200,29336.5,ZeroMinusTick,856d82a4-5ead-6f16-74ff-5400ddbb1c6f,681744,0.00681744,200.0,Regular
2023-07-28T16:05:00.603Z,XBTUSD,Buy,1600,29336.5,ZeroMinusTick,3969ab52-69ab-d056-b663-f2c9f41b3a25,5453952,0.05453952,1600.0,Regular
2023-07-28T16:05:00.603Z,XBTUSD,Buy,700,29336.5,ZeroMinusTick,a38fb556-9d7c-3d75-8306-ee962afdc009,2386104,0.02386104,700.0,Regular
2023-07-28T16:05:00.603Z,XBTUSD,Buy,24800,29336.5,ZeroMinusTick,e99ae454-5864-0417-0c96-87e04f475a14,84536256,0.84536256,24800.0,Regular
2023-07-28T16:05:00.603Z,XBTUSD,Buy,12500,29336.5,ZeroMinusTick,e60b9277-76af-5d36-241c-98df71d30254,42609000,0.42609,12500.0,Regular
2023-07-28T16:05:00.603Z,XBTUSD,Buy,800,29336.5,ZeroMinusTick,0a01f312-3349-0fa5-39d2-d72dea5b4b1a,2726976,0.02726976,800.0,Regular
2023-07-28T16:05:11.962Z,XBTUSD,Buy,10300,29339.0,PlusTick,2917f3d8-a07f-c5b7-5ca8-2eaacde78814,35106829,0.35106829,10300.0,Regular
2023-07-28T16:05:11.962Z,XBTUSD,Buy,5300,29339.0,ZeroPlusTick,4dacc84b-ba25-9da0-73d5-245b4c305efc,18064679,0.18064679,5300.0,Regular
2023-07-28T16:05:11.962Z,XBTUSD,Buy,100,29339.0,ZeroPlusTick,601af795-448b-ab00-7e24-bccaa0017ce7,340843,0.00340843,100.0,Regular
2023-07-28T16:05:11.962Z,XBTUSD,Buy,18300,29339.0,ZeroPlusTick,064c3824-5266-8ddd-817a-43436aaa75c3,62374269,0.62374269,18300.0,Regular
2023-07-28T16:05:11.962Z,XBTUSD,Buy,100,29339.0,ZeroPlusTick,c55eee20-5eaa-e0cf-670b-7355fbe86e31,340843,0.00340843,100.0,Regular
2023-07-28T16:05:11.962Z,XBTUSD,Buy,200,29339.0,ZeroPlusTick,91735256-4d03-84a3-ce35-d58148259a6c,681686,0.00681686,200.0,Regular
2023-07-28T16:05:11.962Z,XBTUSD,Buy,400,29339.0,ZeroPlusTick,47656774-6d1a-82eb-e12b-fbf99243cc3c,1363372,0.01363372,400.0,Regular
2023-07-28T16:05:11.962Z,XBTUSD,Buy,300,29339.0,ZeroPlusTick,ad15b03c-9f26-7c06-a491-188bdb658090,1022529,0.01022529,300.0,Regular
2023-07-28T16:05:11.962Z,XBTUSD,Buy,500,29339.0,ZeroPlusTick,70def692-f93e-69f8-e800-f745ccc9702e,1704215,0.01704215,500.0,Regular
2023-07-28T16:05:14.300Z,XBTUSD,Buy,1000,29339.5,PlusTick,59142643-34da-c51e-d66d-ae94ce12b9ec,3408370,0.0340837,1000.0,Regular
2023-07-28T16:05:15.374Z,XBTUSD,Buy,100,29339.5,ZeroPlusTick,c71e9fe4-6925-3286-446f-79ab866754b0,340837,0.00340837,100.0,Regular
2023-07-28T16:05:15.374Z,XBTUSD,Buy,1400,29339.5,ZeroPlusTick,6f1c2ef3-1f59-5501-7f5b-0be52a6a4322,4771718,0.04771718,1400.0,Regular
2023-07-28T16:05:15.385Z,XBTUSD,Buy,3200,29339.5,ZeroPlusTick,d7337e8b-ec23-a335-fdcf-8bfeed3644b5,10906784,0.10906784,3200.0,Regular
2023-07-28T16:05:15.385Z,XBTUSD,Buy,100,29339.5,ZeroPlusTick,30317a28-168e-4ba0-6278-9805a691c425,340837,0.00340837,100.0,Regular
2023-07-28T16:05:15.385Z,XBTUSD,Buy,100,29339.5,ZeroPlusTick,f0088cc0-0193-b9ce-c438-7e46a07d4b3e,340837,0.00340837,100.0,Regular
2023-07-28T16:05:15.385Z,XBTUSD,Buy,100,29339.5,ZeroPlusTick,971187e4-b1eb-82ce-2412-3b54fcc3b130,340837,0.00340837,100.0,Regular
2023-07-28T16:05:15.385Z,XBTUSD,Buy,1200,29340.0,PlusTick,bb2b1db8-4402-5cef-4359-97548f37f528,4089984,0.04089984,1200.0,Regular
2023-07-28T16:05:15.385Z,XBTUSD,Buy,8400,29341.5,PlusTick,348f35cc-8207-d7a8-f50b-60a3a0bc9e61,28628376,0.28628376,8400.0,Regular
2023-07-28T16:05:15.385Z,XBTUSD,Buy,100,29342.0,PlusTick,48b5f745-4e8a-60d9-2abe-d74f1c0fce29,340808,0.00340808,100.0,Regular
2023-07-28T16:05:15.385Z,XBTUSD,Buy,5000,29342.0,ZeroPlusTick,fb948832-9634-5d51-cb9b-a6cbe13ffb14,17040400,0.170404,5000.0,Regular
2023-07-28T16:05:18.845Z,XBTUSD,Buy,100,29345.5,PlusTick,9cf1a36f-5453-f390-9c44-a462a32f0807,340768,0.00340768,100.0,Regular
2023-07-28T16:05:18.845Z,XBTUSD,Buy,14200,29345.5,ZeroPlusTick,c887ed99-952b-2c76-db81-e08e688289dc,48389056,0.48389056,14200.0,Regular
2023-07-28T16:05:35.565Z,XBTUSD,Sell,17500,29353.5,PlusTick,10fbf535-4e13-8a0d-55a1-0a4cddadbdd7,59618125,0.59618125,17500.0,Regular
2023-07-28T16:05:35.565Z,XBTUSD,Sell,4400,29353.5,ZeroPlusTick,5fef69f7-70f7-c303-be34-8cc656b38b31,14989700,0.149897,4400.0,Regular
2023-07-28T16:05:35.565Z,XBTUSD,Sell,9600,29353.5,ZeroPlusTick,5c9d03f2-0186-2d0f-8851-fa114ecf1a08,32704800,0.327048,9600.0,Regular
2023-07-28T16:05:35.565Z,XBTUSD,Sell,1300,29353.5,ZeroPlusTick,c432cefc-30ae-0f95-f19c-c2212721a84c,4428775,0.04428775,1300.0,Regular
2023-07-28T16:05:44.382Z,XBTUSD,Buy,3000,29350.5,MinusTick,61fce2f9-eb69-7526-c1a0-f322671f5d1b,10221300,0.102213,3000.0,Regular
2023-07-28T16:06:05.316Z,XBTUSD,Sell,200,29350.0,MinusTick,508478ea-c56c-65cd-e7ff-b0920f400d9e,681432,0.00681432,200.0,Regular
2023-07-28T16:06:05.316Z,XBTUSD,Sell,5100,29350.0,ZeroMinusTick,f9641476-68b5-5c07-3b3c-580743263f87,17376516,0.17376516,5100.0,Regular
2023-07-28T16:06:09.372Z,XBTUSD,Sell,5300,29350.0,ZeroMinusTick,f53f44ba-1f17-9512-41c5-30d8a9702bb6,18057948,0.18057948,5300.0,Regular
2023-07-28T16:06:20.606Z,XBTUSD,Buy,100,29350.5,PlusTick,e7c39a4b-e284-ccdf-6e88-51b5dfda776c,340710,0.0034071,100.0,Regular
2023-07-28T16:06:35.909Z,XBTUSD,Buy,100,29350.5,ZeroPlusTick,0081b45a-ff6d-4be2-1e3d-ed33966bdc1b,340710,0.0034071,100.0,Regular
2023-07-28T16:06:42.743Z,XBTUSD,Buy,3000,29350.5,ZeroPlusTick,82c34822-d9bd-711a-82df-b07bc4981aca,10221300,0.102213,3000.0,Regular
2023-07-28T16:07:08.374Z,XBTUSD,Buy,900,29350.5,ZeroPlusTick,7cee132b-b593-a3a7-10e8-278a910d8ff8,3066390,0.0306639,900.0,Regular
2023-07-28T16:07:08.374Z,XBTUSD,Buy,200,29350.5,ZeroPlusTick,0d2395b0-ca85-53c9-c014-a7a6bf2010bc,681420,0.0068142,200.0,Regular
2023-07-28T16:07:08.374Z,XBTUSD,Buy,9300,29350.5,ZeroPlusTick,637b9280-eea9-f845-4350-3f7b9c954f24,31686030,0.3168603,9300.0,Regular
2023-07-28T16:07:08.374Z,XBTUSD,Buy,100,29350.5,ZeroPlusTick,cb7eed99-874a-b086-0357-049568179eaa,340710,0.0034071,100.0,Regular
2023-07-28T16:07:08.374Z,XBTUSD,Buy,1100,29350.5,ZeroPlusTick,66d8dd2e-4d8a-e4e8-7f81-f3dfac570a0e,3747810,0.0374781,1100.0,Regular
2023-07-28T16:07:08.374Z,XBTUSD,Buy,100,29350.5,ZeroPlusTick,51916fe0-64a7-7285-29cf-5c5ac920031b,340710,0.0034071,100.0,Regular
2023-07-28T16:07:08.374Z,XBTUSD,Buy,7200,29350.5,ZeroPlusTick,b66d34f7-e115-90b3-727a-8231a2759dd3,24531120,0.2453112,7200.0,Regular
2023-07-28T16:07:08.374Z,XBTUSD,Buy,500,29350.5,ZeroPlusTick,41305237-9ffa-0148-f0d8-9e37d5af6cd8,1703550,0.0170355,500.0,Regular
2023-07-28T16:07:08.374Z,XBTUSD,Buy,1000,29350.5,ZeroPlusTick,256caba3-db19-38cb-2414-4b365a2a66e7,3407100,0.034071,1000.0,Regular
2023-07-28T16:07:08.374Z,XBTUSD,Buy,100,29350.5,ZeroPlusTick,a8dd7667-2140-ee51-314d-fbb4ed962a99,340710,0.0034071,100.0,Regular
2023-07-28T16:07:08.374Z,XBTUSD,Buy,900,29350.5,ZeroPlusTick,430d51d8-64a0-9f9f-e47a-3d624deb10f5,3066390,0.0306639,900.0,Regular
2023-07-28T16:07:08.374Z,XBTUSD,Buy,500,29350.5,ZeroPlusTick,d0b7faba-a091-c7da-7c74-1815bf7642a2,1703550,0.0170355,500.0,Regular
2023-07-28T16:07:08.374Z,XBTUSD,Buy,5300,29350.5,ZeroPlusTick,ae75f8b8-fd7a-3fb9-62bd-2ed3671c5de6,18057630,0.1805763,5300.0,Regular
2023-07-28T16:07:08.374Z,XBTUSD,Buy,100,29350.5,ZeroPlusTick,343e4543-0db0-40e9-25a3-32d1ea491571,340710,0.0034071,100.0,Regular
2023-07-28T16:07:08.374Z,XBTUSD,Buy,400,29350.5,ZeroPlusTick,ef419fa7-fd08-0170-2c0f-f7de38c87da2,1362840,0.0136284,400.0,Regular
2023-07-28T16:07:08.374Z,XBTUSD,Buy,11600,29350.5,ZeroPlusTick,aae50b73-1d78-2cbb-24b6-f1c53de46e29,39522360,0.3952236,11600.0,Regular
2023-07-28T16:07:08.374Z,XBTUSD,Buy,19900,29350.5,ZeroPlusTick,1633c74d-9039-feed-086b-0da94fb2952c,67801290,0.6780129,19900.0,Regular
2023-07-28T16:07:08.374Z,XBTUSD,Buy,400,29350.5,ZeroPlusTick,15707a78-89f5-3023-984f-a6b2f0b2efb9,1362840,0.0136284,400.0,Regular
2023-07-28T16:07:08.374Z,XBTUSD,Buy,55000,29350.5,ZeroPlusTick,dca0cd17-e59d-f87b-be21-2566beaa1bfb,187390500,1.873905,55000.0,Regular
2023-07-28T16:07:08.374Z,XBTUSD,Buy,2700,29350.5,ZeroPlusTick,a458b167-25ba-3fa5-e861-5571a03b14a9,9199170,0.0919917,2700.0,Regular
2023-07-28T16:07:08.374Z,XBTUSD,Buy,100,29350.5,ZeroPlusTick,e47c22d9-a06f-528e-4dc4-1efab88496c6,340710,0.0034071,100.0,Regular
2023-07-28T16:07:08.374Z,XBTUSD,Buy,100,29350.5,ZeroPlusTick,6aff9d60-93f1-6b60-16f6-63f2392dfe50,340710,0.0034071,100.0,Regular
2023-07-28T16:07:08.374Z,XBTUSD,Buy,20100,29350.5,ZeroPlusTick,67fbe9a0-9bc6-413d-7cb7-6e0a4c75ac49,68482710,0.6848271,20100.0,Regular
2023-07-28T16:07:56.874Z,XBTUSD,Sell,66400,29352.5,PlusTick,436ae3bd-08cc-daf1-af0f-873dbaf8cdb4,226215504,2.26215504,66400.0,Regular
2023-07-28T16:07:56.885Z,XBTUSD,Sell,6900,29352.5,ZeroPlusTick,0b52859d-c3e2-9ca8-7845-d740c8c34ce7,23507334,0.23507334,6900.0,Regular
2023-07-28T16:07:56.885Z,XBTUSD,Sell,33300,29352.5,ZeroPlusTick,94f1bfc2-052c-d0d2-ea61-2be537a18ea5,113448438,1.13448438,33300.0,Regular
2023-07-28T16:07:56.885Z,XBTUSD,Sell,12200,29352.5,ZeroPlusTick,14868448-878a-885b-0359-b033fcc8d266,41563692,0.41563692,12200.0,Regular
2023-07-28T16:07:56.885Z,XBTUSD,Sell,35000,29352.5,ZeroPlusTick,32cf4a69-d3a2-5a09-d8cc-4fb13840ad2e,119240100,1.192401,35000.0,Regular
2023-07-28T16:08:06.810Z,XBTUSD,Sell,200,29350.0,MinusTick,008c9afd-1feb-12ce-231a-703484fd2ff6,681432,0.00681432,200.0,Regular
2023-07-28T16:08:06.810Z,XBTUSD,Sell,12200,29350.0,ZeroMinusTick,6d58db86-b1b5-b20a-9945-15cfb7c7a5c5,41567352,0.41567352,12200.0,Regular
2023-07-28T16:08:06.810Z,XBTUSD,Sell,5200,29350.0,ZeroMinusTick,4d867d55-ea3c-c3cf-032a-3417ab038739,17717232,0.17717232,5200.0,Regular
2023-07-28T16:08:06.810Z,XBTUSD,Sell,1000,29350.0,ZeroMinusTick,faf27695-214b-d9cd-0cc3-50d26250eeb6,3407160,0.0340716,1000.0,Regular
2023-07-28T16:08:06.810Z,XBTUSD,Sell,700,29350.0,ZeroMinusTick,3220415e-b4d1-da9f-17c9-9565c85a49d4,2385012,0.02385012,700.0,Regular
2023-07-28T16:08:06.815Z,XBTUSD,Sell,100,29348.0,MinusTick,f4f6c972-4bf7-8287-430d-12f5dcbad2f0,340739,0.00340739,100.0,Regular
2023-07-28T16:08:06.815Z,XBTUSD,Sell,23000,29348.0,ZeroMinusTick,64906070-92aa-399f-4861-c59d59459edf,78369970,0.7836997,23000.0,Regular
2023-07-28T16:08:06.818Z,XBTUSD,Sell,22700,29348.0,ZeroMinusTick,f376eaa6-7ade-408d-cb02-684d8b9e568f,77347753,0.77347753,22700.0,Regular
2023-07-28T16:08:06.820Z,XBTUSD,Sell,10200,29348.0,ZeroMinusTick,30a4bdf8-c383-edd9-08ac-853eb0167cef,34755378,0.34755378,10200.0,Regular
2023-07-28T16:08:11.994Z,XBTUSD,Buy,1400,29346.0,MinusTick,8b8dfc65-7142-34f0-30d0-dbfe3f41523f,4770668,0.04770668,1400.0,Regular
2023-07-28T16:08:13.350Z,XBTUSD,Sell,43900,29345.5,MinusTick,83378167-ab55-d42e-af96-57af370819f5,149597152,1.49597152,43900.0,Regular
2023-07-28T16:08:15.624Z,XBTUSD,Sell,21800,29345.5,ZeroMinusTick,dfc556bd-a3e8-b254-487b-d047657617a4,74287424,0.74287424,21800.0,Regular
2023-07-28T16:08:32.959Z,XBTUSD,Sell,2000,29342.5,MinusTick,43ab971a-4a12-2551-2a22-2d27262e3b8f,6816060,0.0681606,2000.0,Regular
2023-07-28T16:08:52.139Z,XBTUSD,Sell,18000,29342.5,ZeroMinusTick,04c49fb6-5963-70b3-a697-f4ff29e34ca0,61344540,0.6134454,18000.0,Regular
2023-07-28T16:08:52.139Z,XBTUSD,Sell,2000,29342.5,ZeroMinusTick,765c8e0f-4467-ab9b-a5f6-e911ec4d61c0,6816060,0.0681606,2000.0,Regular
2023-07-28T16:08:55.248Z,XBTUSD,Sell,100,29342.0,MinusTick,4d61626b-2ea5-8374-194d-4eb62e1bb7e7,340808,0.00340808,100.0,Regular
2023-07-28T16:08:59.769Z,XBTUSD,Sell,20000,29340.5,MinusTick,800d8a26-8b7b-928b-25a1-9f747e9bf293,68165200,0.681652,20000.0,Regular
2023-07-28T16:08:59.769Z,XBTUSD,Sell,200,29340.0,MinusTick,a2370b10-55d9-f817-d737-c55de1785253,681664,0.00681664,200.0,Regular
2023-07-28T16:09:00.695Z,XBTUSD,Sell,700,29338.0,MinusTick,9dc49407-c163-636f-5028-e16366941ec6,2385985,0.02385985,700.0,Regular
2023-07-28T16:09:00.695Z,XBTUSD,Sell,9400,29336.5,MinusTick,f24ea55a-6200-6f6d-4f00-a985cbb20c20,32041968,0.32041968,9400.0,Regular
2023-07-28T16:09:00.702Z,XBTUSD,Sell,400,29336.5,ZeroMinusTick,86d19d90-e738-a004-bc2b-34376122f0e6,1363488,0.01363488,400.0,Regular
2023-07-28T16:09:00.702Z,XBTUSD,Sell,300,29335.5,MinusTick,535093d7-61d5-909d-5f4a-ab194b720510,1022652,0.01022652,300.0,Regular
2023-07-28T16:09:00.702Z,XBTUSD,Sell,42800,29335.0,MinusTick,dd4d8870-74e2-d1b0-a291-3355d20ca905,145900920,1.4590092,42800.0,Regular
2023-07-28T16:09:00.717Z,XBTUSD,Sell,5000,29337.0,PlusTick,c7499a07-0eac-06c5-a3ac-bf3331b47b18,17043300,0.170433,5000.0,Regular
2023-07-28T16:09:36.059Z,XBTUSD,Sell,400,29335.0,MinusTick,52051aba-8240-6e48-16b6-19fe97fc1c71,1363560,0.0136356,400.0,Regular
2023-07-28T16:09:42.264Z,XBTUSD,Sell,1000,29335.0,ZeroMinusTick,3dec22d4-a593-9a2e-7282-d4342d183e05,3408900,0.034089,1000.0,Regular
2023-07-28T16:09:52.107Z,XBTUSD,Sell,45800,29335.0,ZeroMinusTick,227edffd-ccc2-b5ab-64ca-72ccc0cc9e5b,156127620,1.5612762,45800.0,Regular
2023-07-28T16:09:52.107Z,XBTUSD,Sell,200,29335.0,ZeroMinusTick,96b322e7-1c5b-a020-1352-02e4f6f039b7,681780,0.0068178,200.0,Regular
2023-07-28T16:09:52.107Z,XBTUSD,Sell,22700,29335.0,ZeroMinusTick,6aa7ffb6-4e8f-f2e5-5b4a-7cd7cc4592a3,77382030,0.7738203,22700.0,Regular
2023-07-28T16:09:52.122Z,XBTUSD,Sell,13000,29335.0,ZeroMinusTick,d3c4b9f8-b45d-d768-4fb6-7d7c6cac699a,44315700,0.443157,13000.0,Regular
2023-07-28T16:09:52.122Z,XBTUSD,Sell,34100,29335.0,ZeroMinusTick,d29b4aab-fb4c-7438-3cdb-34c8e4ff2c7d,116243490,1.1624349,34100.0,Regular
2023-07-28T16:09:52.122Z,XBTUSD,Sell,12400,29335.0,ZeroMinusTick,768bfb87-281f-8f3c-ced2-5c93ee3ce552,42270360,0.4227036,12400.0,Regular
2023-07-28T16:09:52.122Z,XBTUSD,Sell,3000,29335.0,ZeroMinusTick,46580d23-9cca-18df-fe10-9d1406fb3e42,10226700,0.102267,3000.0,Regular
2023-07-28T16:09:52.122Z,XBTUSD,Sell,100,29335.0,ZeroMinusTick,8a1a0f17-124c-850a-eab8-8f2d04da9625,340890,0.0034089,100.0,Regular
2023-07-28T16:09:52.122Z,XBTUSD,Sell,100,29335.0,ZeroMinusTick,096c39e4-b174-94c0-fcfa-71bdcc76fbaf,340890,0.0034089,100.0,Regular
2023-07-28T16:09:52.122Z,XBTUSD,Sell,25000,29335.0,ZeroMinusTick,af2cd0c8-51f1-95c0-959b-643ed79ea743,85222500,0.852225,25000.0,Regular
2023-07-28T16:09:52.122Z,XBTUSD,Sell,50000,29335.0,ZeroMinusTick,eb97b1d2-10e7-c220-b9be-6c06466fc774,170445000,1.70445,50000.0,Regular
2023-07-28T16:09:52.182Z,XBTUSD,Sell,100,29334.0,MinusTick,1d6cfd3c-f0b8-5ecd-b188-f53d1b5056ad,340901,0.00340901,100.0,Regular
2023-07-28T16:09:52.182Z,XBTUSD,Sell,1300,29334.0,ZeroMinusTick,fb8f399b-70b6-281c-8bca-f8638b7f9a90,4431713,0.04431713,1300.0,Regular
2023-07-28T16:09:52.182Z,XBTUSD,Sell,400,29332.5,MinusTick,11158e27-585e-d06a-4991-a0e5b976e06a,1363676,0.01363676,400.0,Regular
2023-07-28T16:09:52.182Z,XBTUSD,Sell,200,29331.0,MinusTick,b7d76857-cb93-f295-afec-90d147f9a548,681872,0.00681872,200.0,Regular
2023-07-28T16:09:52.182Z,XBTUSD,Sell,4000,29330.5,MinusTick,3191e411-c709-7fbf-11a0-2e05ffade46b,13637680,0.1363768,4000.0,Regular
2023-07-28T16:09:52.182Z,XBTUSD,Sell,200,29330.0,MinusTick,a6457083-aa57-cc25-41f4-d18a63320b95,681896,0.00681896,200.0,Regular
2023-07-28T16:09:52.182Z,XBTUSD,Sell,500,29330.0,ZeroMinusTick,0614d19f-b7f3-cc70-af38-d35da0d32c6b,1704740,0.0170474,500.0,Regular
2023-07-28T16:09:52.182Z,XBTUSD,Sell,200,29330.0,ZeroMinusTick,91f1f9e9-6f5d-9543-09cf-190c7942612c,681896,0.00681896,200.0,Regular
2023-07-28T16:09:52.182Z,XBTUSD,Sell,25800,29328.5,MinusTick,ad149cca-52d6-04f3-4d6b-ee5eedd0b458,87968970,0.8796897,25800.0,Regular
2023-07-28T16:09:52.182Z,XBTUSD,Sell,300,29328.5,ZeroMinusTick,883561d7-e223-d218-5411-a1c71b6c097f,1022895,0.01022895,300.0,Regular
2023-07-28T16:09:52.182Z,XBTUSD,Sell,11300,29328.0,MinusTick,322f4d9b-5189-3e4a-461c-09ab971f9260,38529723,0.38529723,11300.0,Regular
2023-07-28T16:09:52.182Z,XBTUSD,Sell,300,29328.0,ZeroMinusTick,f4305d1c-ed0c-9f28-82e5-37292c4879ee,1022913,0.01022913,300.0,Regular
2023-07-28T16:09:52.182Z,XBTUSD,Sell,10000,29328.0,ZeroMinusTick,c9d4e0f6-a288-65c8-1139-b08cd7a03b25,34097100,0.340971,10000.0,Regular
2023-07-28T16:09:52.182Z,XBTUSD,Sell,50000,29327.5,MinusTick,dc1c90c4-ed58-10b4-fd9f-71497c45ec14,170488500,1.704885,50000.0,Regular
2023-07-28T16:09:52.298Z,XBTUSD,Sell,5000,29328.5,PlusTick,fdb738a9-52e6-f1ff-2898-4de9c2bbf590,17048250,0.1704825,5000.0,Regular
2023-07-28T16:09:52.298Z,XBTUSD,Sell,900,29328.5,ZeroPlusTick,6ae218c8-b1f0-9de3-7fdb-441ccb934a58,3068685,0.03068685,900.0,Regular
2023-07-28T16:09:52.315Z,XBTUSD,Sell,7200,29328.5,ZeroPlusTick,60ebccec-3bd3-37f8-1565-2244948ef79d,24549480,0.2454948,7200.0,Regular
2023-07-28T16:09:52.315Z,XBTUSD,Sell,1000,29328.5,ZeroPlusTick,0322bee0-199a-0967-2707-78d1831057a4,3409650,0.0340965,1000.0,Regular
2023-07-28T16:09:52.315Z,XBTUSD,Sell,2100,29328.5,ZeroPlusTick,e7fcd8cd-b836-4c4a-f6ae-4aade7ff43dd,7160265,0.07160265,2100.0,Regular
2023-07-28T16:10:06.400Z,XBTUSD,Buy,100,29332.0,PlusTick,1eefffd5-23f0-d05d-9cde-07f3b47acad2,340925,0.00340925,100.0,Regular
2023-07-28T16:10:06.400Z,XBTUSD,Buy,500,29332.0,ZeroPlusTick,64cdf19d-f3a8-c1ce-5976-41b637804ac5,1704625,0.01704625,500.0,Regular
2023-07-28T16:10:06.400Z,XBTUSD,Buy,11000,29332.0,ZeroPlusTick,b13b29f2-8730-1bd2-9524-ade5e4397afa,37501750,0.3750175,11000.0,Regular
2023-07-28T16:10:06.400Z,XBTUSD,Buy,31000,29332.0,ZeroPlusTick,4c7999dd-a6bf-0c81-3069-ed2aa3330134,105686750,1.0568675,31000.0,Regular
2023-07-28T16:10:06.400Z,XBTUSD,Buy,2800,29332.0,ZeroPlusTick,d4d1a0fc-6e98-f5ba-01f0-fe0c2d70a59d,9545900,0.095459,2800.0,Regular
2023-07-28T16:10:06.400Z,XBTUSD,Buy,30500,29332.0,ZeroPlusTick,fb9d0180-3f1f-5669-1429-7bdcd556ded9,103982125,1.03982125,30500.0,Regular
2023-07-28T16:10:06.400Z,XBTUSD,Buy,400,29332.0,ZeroPlusTick,d86b6db8-59db-9b6f-6eff-9c5e9e22f1cc,1363700,0.013637,400.0,Regular
2023-07-28T16:10:06.400Z,XBTUSD,Buy,400,29332.0,ZeroPlusTick,884b37d4-02d4-2a6e-5ee1-f0469a5b9556,1363700,0.013637,400.0,Regular
2023-07-28T16:10:06.400Z,XBTUSD,Buy,3300,29332.0,ZeroPlusTick,06fa217b-08df-6041-2b27-d515b23c3ee9,11250525,0.11250525,3300.0,Regular
2023-07-28T16:10:06.400Z,XBTUSD,Buy,200,29332.0,ZeroPlusTick,62aebe96-4b5b-8037-5539-8918a341803f,681850,0.0068185,200.0,Regular
2023-07-28T16:10:06.400Z,XBTUSD,Buy,64300,29332.0,ZeroPlusTick,af245719-b762-8178-43ed-340b0c924e1c,219214775,2.19214775,64300.0,Regular
2023-07-28T16:10:07.741Z,XBTUSD,Buy,200,29334.5,PlusTick,2f9a16ba-071c-bdd9-89d6-7d07828819dd,681792,0.00681792,200.0,Regular
2023-07-28T16:10:07.746Z,XBTUSD,Buy,3100,29335.5,PlusTick,b7b4d02d-dcb4-1b50-62de-eb244c7c9381,10567404,0.10567404,3100.0,Regular
2023-07-28T16:10:07.746Z,XBTUSD,Buy,400,29335.5,ZeroPlusTick,d4dc1eea-631c-652f-972d-7ec4fc906a92,1363536,0.01363536,400.0,Regular
2023-07-28T16:10:07.746Z,XBTUSD,Buy,11300,29336.0,PlusTick,4543511c-620b-d17f-1a6d-b20c40371c9d,38519214,0.38519214,11300.0,Regular
2023-07-28T16:10:07.749Z,XBTUSD,Buy,57100,29335.0,MinusTick,ca831fa4-5991-1ec4-02e6-e2ac8b945377,194648190,1.9464819,57100.0,Regular
2023-07-28T16:10:07.753Z,XBTUSD,Buy,22900,29335.0,ZeroMinusTick,522920ef-fb59-0a88-c9cb-fef286bdebd6,78063810,0.7806381,22900.0,Regular
2023-07-28T16:10:14.130Z,XBTUSD,Buy,1500,29338.0,PlusTick,2096a285-f1be-c05d-8bba-22bfe181d4b9,5112825,0.05112825,1500.0,Regular
2023-07-28T16:10:19.309Z,XBTUSD,Sell,300,29337.5,MinusTick,d176c3b3-966f-0d85-8203-bc4746c32a77,1022583,0.01022583,300.0,Regular
2023-07-28T16:10:27.666Z,XBTUSD,Buy,900,29338.0,PlusTick,0d15ee5e-1734-214d-f896-1668ce0b883c,3067695,0.03067695,900.0,Regular
2023-07-28T16:10:27.666Z,XBTUSD,Buy,100,29338.0,ZeroPlusTick,d72d7f8e-6e20-3c04-f742-fecc188091f6,340855,0.00340855,100.0,Regular
2023-07-28T16:10:27.666Z,XBTUSD,Buy,100,29338.0,ZeroPlusTick,e4a91b25-6e92-2af3-0905-287108319372,340855,0.00340855,100.0,Regular
2023-07-28T16:10:27.666Z,XBTUSD,Buy,45800,29338.0,ZeroPlusTick,e28320ee-1710-c1eb-6975-7cc83b6bd97f,156111590,1.5611159,45800.0,Regular
2023-07-28T16:10:29.548Z,XBTUSD,Buy,1000,29340.0,PlusTick,2ad67900-60a4-468f-d2d8-fa23c55a5cb2,3408320,0.0340832,1000.0,Regular
2023-07-28T16:11:22.239Z,XBTUSD,Sell,17500,29339.5,MinusTick,183c1eb2-d183-ceee-d167-f73684bb0502,59646475,0.59646475,17500.0,Regular
2023-07-28T16:11:22.239Z,XBTUSD,Sell,800,29339.5,ZeroMinusTick,c3cd0fc3-70d2-4a72-839b-62eebca4aa26,2726696,0.02726696,800.0,Regular
2023-07-28T16:11:22.239Z,XBTUSD,Sell,6700,29339.5,ZeroMinusTick,760d3302-1fa6-bbac-6267-f0094048e074,22836079,0.22836079,6700.0,Regular
2023-07-28T16:11:22.239Z,XBTUSD,Sell,4400,29339.5,ZeroMinusTick,65307bf5-68d1-6021-caed-da3aa3c43ed6,14996828,0.14996828,4400.0,Regular
2023-07-28T16:11:22.239Z,XBTUSD,Sell,2600,29339.5,ZeroMinusTick,3f46a0e0-b263-7a9a-ebe6-c07ad186e4af,8861762,0.08861762,2600.0,Regular
2023-07-28T16:11:22.239Z,XBTUSD,Sell,30300,29339.5,ZeroMinusTick,bc86c2a9-c7a7-ca23-31fd-9dad64b39599,103273611,1.03273611,30300.0,Regular
2023-07-28T16:11:22.239Z,XBTUSD,Sell,33900,29339.5,ZeroMinusTick,caac0c30-656c-8fcb-05ad-c108558dfd99,115543743,1.15543743,33900.0,Regular
2023-07-28T16:11:22.239Z,XBTUSD,Sell,11900,29339.5,ZeroMinusTick,1598b57d-616b-1ab6-153e-93970e420442,40559603,0.40559603,11900.0,Regular
2023-07-28T16:11:22.239Z,XBTUSD,Sell,32600,29339.5,ZeroMinusTick,6d8925a9-34d2-6a55-fe0d-e4071c0db3ac,111112862,1.11112862,32600.0,Regular
2023-07-28T16:11:22.239Z,XBTUSD,Sell,7400,29339.5,ZeroMinusTick,98c4de89-1903-79cd-cf03-66a48acbbe41,25221938,0.25221938,7400.0,Regular
2023-07-28T16:11:22.434Z,XBTUSD,Sell,1300,29339.0,MinusTick,e20befe8-ccb1-dc2a-035b-a2d7c5739fa9,4430959,0.04430959,1300.0,Regular
2023-07-28T16:11:26.180Z,XBTUSD,Sell,5000,29336.0,MinusTick,5a64ad6e-7c3a-683d-504a-17ee102912ba,17043900,0.170439,5000.0,Regular
2023-07-28T16:11:26.180Z,XBTUSD,Sell,1900,29336.0,ZeroMinusTick,6949b0f7-17b2-2600-5905-4ffbba327c83,6476682,0.06476682,1900.0,Regular
2023-07-28T16:11:26.180Z,XBTUSD,Sell,100,29334.5,MinusTick,98b79f3b-6efd-632e-cc78-3dd85bcd2f1b,340896,0.00340896,100.0,Regular
2023-07-28T16:11:27.424Z,XBTUSD,Sell,200,29330.0,MinusTick,21f30836-0407-e3b5-078c-95681daeb71b,681896,0.00681896,200.0,Regular
2023-07-28T16:11:27.424Z,XBTUSD,Sell,1000,29330.0,ZeroMinusTick,857d0e89-62c7-6026-193d-b00a9324d677,3409480,0.0340948,1000.0,Regular
2023-07-28T16:11:27.424Z,XBTUSD,Sell,1300,29330.0,ZeroMinusTick,b8b0cd8c-8b93-ae53-f94d-cb81569c779b,4432324,0.04432324,1300.0,Regular
2023-07-28T16:11:38.990Z,XBTUSD,Sell,5000,29327.0,MinusTick,5236a8cc-6b8c-1bfa-5b32-853801c5a38b,17049150,0.1704915,5000.0,Regular
2023-07-28T16:11:43.663Z,XBTUSD,Sell,85000,29327.0,ZeroMinusTick,d6ed321b-efd6-c5a3-02c6-240ba8a7262e,289835550,2.8983555,85000.0,Regular
2023-07-28T16:11:43.663Z,XBTUSD,Sell,100,29327.0,ZeroMinusTick,e28adf53-ac60-7ff0-e563-66431df0808c,340983,0.00340983,100.0,Regular
2023-07-28T16:11:43.675Z,XBTUSD,Sell,100,29326.5,MinusTick,845e015a-7fb1-f9a6-a54b-e6be50f2860a,340989,0.00340989,100.0,Regular
2023-07-28T16:11:47.319Z,XBTUSD,Sell,300,29326.0,MinusTick,4ed951e4-7b76-46a5-1fe4-81aa3ae424dc,1022982,0.01022982,300.0,Regular
2023-07-28T16:12:09.034Z,XBTUSD,Buy,500,29326.5,PlusTick,ccc7e612-ca5d-9b2c-00c2-3c86c2b9c5e7,1704945,0.01704945,500.0,Regular
2023-07-28T16:12:09.034Z,XBTUSD,Buy,400,29326.5,ZeroPlusTick,e84d852b-85fb-4b2c-f50c-5073a54fcc64,1363956,0.01363956,400.0,Regular
2023-07-28T16:12:09.034Z,XBTUSD,Buy,300,29326.5,ZeroPlusTick,1f05b858-9029-541c-685e-8010eafb7bd4,1022967,0.01022967,300.0,Regular
2023-07-28T16:12:09.034Z,XBTUSD,Buy,300,29326.5,ZeroPlusTick,0dcfc15f-4087-054e-defc-110685defc38,1022967,0.01022967,300.0,Regular
2023-07-28T16:12:22.270Z,XBTUSD,Buy,2200,29326.5,ZeroPlusTick,7c6b3460-3180-a23f-d592-b76fc543f4e5,7501758,0.07501758,2200.0,Regular
2023-07-28T16:12:22.270Z,XBTUSD,Buy,7600,29326.5,ZeroPlusTick,e43318d0-dda1-8f5b-5011-0a737575c002,25915164,0.25915164,7600.0,Regular
2023-07-28T16:12:22.270Z,XBTUSD,Buy,100,29326.5,ZeroPlusTick,51b7a561-928f-3ade-f9fb-defc3efb6914,340989,0.00340989,100.0,Regular
2023-07-28T16:12:22.270Z,XBTUSD,Buy,7700,29326.5,ZeroPlusTick,94bcb6fd-41ab-297b-1b7e-ef2279f98109,26256153,0.26256153,7700.0,Regular
2023-07-28T16:12:22.270Z,XBTUSD,Buy,2700,29326.5,ZeroPlusTick,722e9e89-25f4-2a57-5176-dbad5e62feaf,9206703,0.09206703,2700.0,Regular
2023-07-28T16:12:22.270Z,XBTUSD,Buy,64400,29326.5,ZeroPlusTick,df914071-b4aa-87d6-50b8-412de2a7ad98,219596916,2.19596916,64400.0,Regular
2023-07-28T16:12:22.270Z,XBTUSD,Buy,400,29326.5,ZeroPlusTick,3f757c08-cc0b-fc90-f497-253c7d37f6cc,1363956,0.01363956,400.0,Regular
2023-07-28T16:12:22.270Z,XBTUSD,Buy,8800,29326.5,ZeroPlusTick,ccaed392-fd76-295c-128d-a42f4e2241fe,30007032,0.30007032,8800.0,Regular
2023-07-28T16:12:22.270Z,XBTUSD,Buy,400,29326.5,ZeroPlusTick,1f3388f3-1c7d-34f2-cace-b4207cfd7532,1363956,0.01363956,400.0,Regular
2023-07-28T16:12:22.270Z,XBTUSD,Buy,100,29326.5,ZeroPlusTick,8b577094-0fa3-66fe-bb26-910b3969fbdd,340989,0.00340989,100.0,Regular
2023-07-28T16:12:22.270Z,XBTUSD,Buy,200,29326.5,ZeroPlusTick,73827942-d652-d9d0-b48a-80de00a74fb8,681978,0.00681978,200.0,Regular
2023-07-28T16:12:22.270Z,XBTUSD,Buy,200,29326.5,ZeroPlusTick,1856ea85-5ea5-f2f4-0579-cce2fb5cd84f,681978,0.00681978,200.0,Regular
2023-07-28T16:12:22.270Z,XBTUSD,Buy,100,29326.5,ZeroPlusTick,add188bf-99ed-d23b-664f-2d1522f53421,340989,0.00340989,100.0,Regular
2023-07-28T16:12:22.270Z,XBTUSD,Buy,100,29326.5,ZeroPlusTick,6efc46ea-b339-7089-453f-17e369b3f661,340989,0.00340989,100.0,Regular
2023-07-28T16:12:22.270Z,XBTUSD,Buy,600,29326.5,ZeroPlusTick,30d8000e-46e0-43f5-4075-60509961ba81,2045934,0.02045934,600.0,Regular
2023-07-28T16:12:22.270Z,XBTUSD,Buy,18300,29326.5,ZeroPlusTick,0476a102-0e14-37ed-ca38-0a3da200ea2e,62400987,0.62400987,18300.0,Regular
2023-07-28T16:12:22.270Z,XBTUSD,Buy,22200,29326.5,ZeroPlusTick,398e6900-fc07-8855-d08d-039531337afe,75699558,0.75699558,22200.0,Regular
2023-07-28T16:12:22.283Z,XBTUSD,Buy,69800,29326.5,ZeroPlusTick,8b60fdae-d768-7a91-b4a7-c0ad0bbdd095,238010322,2.38010322,69800.0,Regular
2023-07-28T16:12:22.286Z,XBTUSD,Buy,35100,29327.0,PlusTick,70ba4021-e3f6-d6c2-246c-875c0fe74751,119685033,1.19685033,35100.0,Regular
2023-07-28T16:12:22.375Z,XBTUSD,Buy,100000,29327.5,PlusTick,76133f04-9c6e-1b44-183e-7821e115a360,340977000,3.40977,100000.0,Regular
2023-07-28T16:13:01.766Z,XBTUSD,Buy,9800,29330.5,PlusTick,544fdafc-93f8-28e0-b9f5-0aff15a48cb9,33412316,0.33412316,9800.0,Regular
2023-07-28T16:13:01.766Z,XBTUSD,Buy,2100,29330.5,ZeroPlusTick,0d484a6a-213f-05a1-1ad4-02177675a7ea,7159782,0.07159782,2100.0,Regular
2023-07-28T16:13:01.766Z,XBTUSD,Buy,700,29330.5,ZeroPlusTick,2133793b-9320-fff8-fb6d-23b26209d04c,2386594,0.02386594,700.0,Regular
2023-07-28T16:13:01.766Z,XBTUSD,Buy,2000,29330.5,ZeroPlusTick,d5d8cde5-2303-69bc-7ec8-b2d83c1c4a6b,6818840,0.0681884,2000.0,Regular
2023-07-28T16:13:01.766Z,XBTUSD,Buy,100,29330.5,ZeroPlusTick,d171971b-11bf-757d-927a-8d541a6e9a44,340942,0.00340942,100.0,Regular
2023-07-28T16:13:01.766Z,XBTUSD,Buy,600,29330.5,ZeroPlusTick,caa5dcf2-5d29-ee82-9988-9d1c2c914156,2045652,0.02045652,600.0,Regular
2023-07-28T16:13:01.766Z,XBTUSD,Buy,100,29330.5,ZeroPlusTick,448bcd00-1f45-bdd4-f039-f891fccdb9d6,340942,0.00340942,100.0,Regular
2023-07-28T16:13:01.766Z,XBTUSD,Buy,16700,29330.5,ZeroPlusTick,a9563874-6383-18a4-bd38-670f268dd09d,56937314,0.56937314,16700.0,Regular
2023-07-28T16:13:01.766Z,XBTUSD,Buy,2600,29330.5,ZeroPlusTick,758f00c3-54f9-0554-a609-0db45bacba58,8864492,0.08864492,2600.0,Regular
2023-07-28T16:13:01.766Z,XBTUSD,Buy,100,29330.5,ZeroPlusTick,16c1db69-368a-e0cc-e829-964376ae188c,340942,0.00340942,100.0,Regular
2023-07-28T16:13:01.766Z,XBTUSD,Buy,100,29330.5,ZeroPlusTick,62d4f81b-8a5a-bf47-7541-1eed6e8bc649,340942,0.00340942,100.0,Regular
2023-07-28T16:13:01.766Z,XBTUSD,Buy,10300,29330.5,ZeroPlusTick,5ab8f827-6b5e-560e-12f6-d2578eeb382d,35117026,0.35117026,10300.0,Regular
2023-07-28T16:13:05.221Z,XBTUSD,Buy,100,29333.5,PlusTick,0bd0b6a3-a307-fd9d-142e-1e7959e06de6,340907,0.00340907,100.0,Regular
2023-07-28T16:13:05.221Z,XBTUSD,Buy,3200,29333.5,ZeroPlusTick,777e0717-ce4c-dbe3-1c77-d0b1d8f5d86e,10909024,0.10909024,3200.0,Regular
2023-07-28T16:13:05.221Z,XBTUSD,Buy,500,29335.0,PlusTick,3604e65a-6658-dde6-0885-eb33c7da9efd,1704450,0.0170445,500.0,Regular
2023-07-28T16:13:05.221Z,XBTUSD,Buy,7500,29336.5,PlusTick,b9ec1703-e6cb-80c3-e4dc-3e314097b680,25565400,0.255654,7500.0,Regular
2023-07-28T16:13:05.224Z,XBTUSD,Buy,3800,29336.5,ZeroPlusTick,5e53428c-9bc3-04f3-5599-c23b495ea82b,12953136,0.12953136,3800.0,Regular
2023-07-28T16:13:24.010Z,XBTUSD,Buy,200,29339.0,PlusTick,4e533777-5660-081e-c1b5-8814c5acb9fc,681686,0.00681686,200.0,Regular
2023-07-28T16:13:24.010Z,XBTUSD,Buy,200,29339.0,ZeroPlusTick,7b0d75c3-e407-8c89-f4d2-ae986aa6f5cc,681686,0.00681686,200.0,Regular
2023-07-28T16:13:24.010Z,XBTUSD,Buy,500,29339.0,ZeroPlusTick,10379d36-b5c2-032a-af65-0a0a2ad6cdd5,1704215,0.01704215,500.0,Regular
2023-07-28T16:13:24.010Z,XBTUSD,Buy,500,29339.0,ZeroPlusTick,0d85be06-e25c-891c-2bf7-ffc7f218af87,1704215,0.01704215,500.0,Regular
2023-07-28T16:13:24.010Z,XBTUSD,Buy,200,29339.0,ZeroPlusTick,833b9887-ca71-e269-78db-2fdac0840129,681686,0.00681686,200.0,Regular
2023-07-28T16:13:24.010Z,XBTUSD,Buy,200,29339.0,ZeroPlusTick,47387ddc-a624-66d6-55e7-36cca092179b,681686,0.00681686,200.0,Regular
2023-07-28T16:13:24.010Z,XBTUSD,Buy,4100,29339.0,ZeroPlusTick,89d1a1ff-1519-85c0-1dce-c056f35d5a01,13974563,0.13974563,4100.0,Regular
2023-07-28T16:13:24.010Z,XBTUSD,Buy,100,29339.0,ZeroPlusTick,8c06da5e-8e6d-2d88-2c12-f65fd7d3b708,340843,0.00340843,100.0,Regular
2023-07-28T16:13:24.010Z,XBTUSD,Buy,4300,29339.0,ZeroPlusTick,2d0231b9-3f36-038a-492e-b2b3b67bdc21,14656249,0.14656249,4300.0,Regular
2023-07-28T16:13:32.626Z,XBTUSD,Sell,100,29340.0,PlusTick,d64c10ef-3eb7-902d-7a4c-eb36747417d0,340832,0.00340832,100.0,Regular
2023-07-28T16:13:32.626Z,XBTUSD,Sell,100,29340.0,ZeroPlusTick,41316968-4c4a-7358-470d-113298a4de4a,340832,0.00340832,100.0,Regular
2023-07-28T16:13:34.208Z,XBTUSD,Sell,200,29340.0,ZeroPlusTick,fd4aef7c-d6ca-07da-78fb-58a3359d15fa,681664,0.00681664,200.0,Regular
2023-07-28T16:13:36.624Z,XBTUSD,Sell,18600,29340.0,ZeroPlusTick,777a27a9-aae8-bc55-c252-87498728bc48,63394752,0.63394752,18600.0,Regular
2023-07-28T16:13:36.624Z,XBTUSD,Sell,16400,29338.5,MinusTick,ebaa96be-91b6-8db4-41e2-57c974ac88ea,55899236,0.55899236,16400.0,Regular
2023-07-28T16:13:47.207Z,XBTUSD,Buy,1000,29339.0,PlusTick,bd02785f-28af-e3f6-40ad-f5281bd4c227,3408430,0.0340843,1000.0,Regular
2023-07-28T16:13:52.950Z,XBTUSD,Sell,12700,29338.5,MinusTick,5e9fa062-03c4-eb7a-b53e-05d2664c6339,43287823,0.43287823,12700.0,Regular
2023-07-28T16:13:52.950Z,XBTUSD,Sell,10900,29338.5,ZeroMinusTick,19d514b0-cb82-9398-f79b-9ea71c6bdff5,37152541,0.37152541,10900.0,Regular
2023-07-28T16:13:52.950Z,XBTUSD,Sell,29800,29338.5,ZeroMinusTick,964b04a7-4bc0-564b-32ae-7da47050c4f1,101573002,1.01573002,29800.0,Regular
2023-07-28T16:13:52.950Z,XBTUSD,Sell,11300,29338.5,ZeroMinusTick,d8f22dc6-9709-d620-e38b-914792cbfffc,38515937,0.38515937,11300.0,Regular
2023-07-28T16:13:52.950Z,XBTUSD,Sell,4700,29338.5,ZeroMinusTick,0bb0f55c-593d-347f-2ab2-c4a0f9392578,16019903,0.16019903,4700.0,Regular
2023-07-28T16:13:57.249Z,XBTUSD,Sell,100,29335.5,MinusTick,08235b72-d333-ca51-8fed-5c6ceb64df5f,340884,0.00340884,100.0,Regular
2023-07-28T16:14:12.014Z,XBTUSD,Buy,1200,29333.0,MinusTick,a31ae961-8726-a568-81fb-e8f2e4e82f5c,4090956,0.04090956,1200.0,Regular
2023-07-28T16:14:18.990Z,XBTUSD,Buy,7700,29333.0,ZeroMinusTick,9ee5811e-e021-e344-1115-50029e44ac19,26250301,0.26250301,7700.0,Regular
2023-07-28T16:14:38.084Z,XBTUSD,Sell,700,29332.5,MinusTick,7c5cbbb3-0dd3-0548-769b-70bfd71290ad,2386433,0.02386433,700.0,Regular
2023-07-28T16:14:38.084Z,XBTUSD,Sell,11500,29332.5,ZeroMinusTick,e3d70d9c-1c8e-3db3-0b4c-0c2c78ec0836,39205685,0.39205685,11500.0,Regular
2023-07-28T16:14:38.084Z,XBTUSD,Sell,200,29330.0,MinusTick,62ca21c2-924b-034e-36c1-bd1ca1398745,681896,0.00681896,200.0,Regular
2023-07-28T16:14:38.084Z,XBTUSD,Sell,1000,29330.0,ZeroMinusTick,613d9584-24c4-5558-1b34-a7554fe05343,3409480,0.0340948,1000.0,Regular
2023-07-28T16:14:38.084Z,XBTUSD,Sell,100,29330.0,ZeroMinusTick,ffc05c7d-4b47-b650-72fe-5dc134c3accc,340948,0.00340948,100.0,Regular
2023-07-28T16:14:38.093Z,XBTUSD,Sell,11300,29328.5,MinusTick,98cc2495-cc8e-5fdf-f19f-18628808d939,38529045,0.38529045,11300.0,Regular
2023-07-28T16:15:01.072Z,XBTUSD,Sell,100,29326.5,MinusTick,77a393d2-87c3-e10e-1531-1221444ac7b8,340989,0.00340989,100.0,Regular
2023-07-28T16:15:01.072Z,XBTUSD,Sell,2900,29326.5,ZeroMinusTick,bbda46cc-d590-f190-a3bc-1476b7acf7ff,9888681,0.09888681,2900.0,Regular
2023-07-28T16:15:01.072Z,XBTUSD,Sell,3200,29326.5,ZeroMinusTick,ff36ea2e-2019-5e6e-1ba9-053f56414fe7,10911648,0.10911648,3200.0,Regular
2023-07-28T16:15:01.083Z,XBTUSD,Sell,17500,29326.5,ZeroMinusTick,dcb99b38-3053-4db7-0c52-839e9902211b,59673075,0.59673075,17500.0,Regular
2023-07-28T16:15:01.083Z,XBTUSD,Sell,1700,29326.0,MinusTick,59bcf409-8632-6264-9ba1-cf5150f08736,5796898,0.05796898,1700.0,Regular
2023-07-28T16:15:01.099Z,XBTUSD,Sell,3000,29326.0,ZeroMinusTick,3a4f4b1e-d1a7-c1d3-12ad-3f7bb72f4a74,10229820,0.1022982,3000.0,Regular
2023-07-28T16:15:01.099Z,XBTUSD,Sell,3100,29325.5,MinusTick,b922e097-eb7c-798c-f954-4d031fc6d3f9,10571000,0.10571,3100.0,Regular
2023-07-28T16:15:01.128Z,XBTUSD,Sell,1900,29325.5,ZeroMinusTick,7270893b-8f80-44aa-9265-7937efccad30,6479000,0.06479,1900.0,Regular
2023-07-28T16:15:01.128Z,XBTUSD,Sell,27500,29325.0,MinusTick,95804066-d924-b50b-21fd-ebd66e2afd5c,93776650,0.9377665,27500.0,Regular
2023-07-28T16:15:01.178Z,XBTUSD,Sell,19200,29325.0,ZeroMinusTick,632614df-c435-a606-cb6f-ed973480f5a3,65473152,0.65473152,19200.0,Regular
2023-07-28T16:15:01.185Z,XBTUSD,Sell,3500,29325.0,ZeroMinusTick,657a5d58-48ed-5f12-1df8-d02a3bb8ad99,11935210,0.1193521,3500.0,Regular
2023-07-28T16:15:01.214Z,XBTUSD,Sell,32900,29325.0,ZeroMinusTick,2d41ff99-21cc-75a0-36e2-dbf6f0ac56ca,112190974,1.12190974,32900.0,Regular
2023-07-28T16:15:02.926Z,XBTUSD,Sell,4400,29325.0,ZeroMinusTick,25dfab34-b204-96f9-ea60-3bdc6a46fd10,15004264,0.15004264,4400.0,Regular
2023-07-28T16:15:09.288Z,XBTUSD,Buy,8600,29325.5,PlusTick,e147e944-ec15-cd6a-7e75-f444653153c4,29326000,0.29326,8600.0,Regular
2023-07-28T16:15:15.514Z,XBTUSD,Sell,2500,29325.0,MinusTick,158cd568-8ca9-5108-396a-5c3461f66d3e,8525150,0.0852515,2500.0,Regular
2023-07-28T16:15:15.514Z,XBTUSD,Sell,200,29325.0,ZeroMinusTick,7ca13e08-6ba2-a564-ca2f-531cbc57d186,682012,0.00682012,200.0,Regular
2023-07-28T16:15:15.514Z,XBTUSD,Sell,2000,29325.0,ZeroMinusTick,e0dfb3eb-184e-77a8-fd34-c48d83d26cc4,6820120,0.0682012,2000.0,Regular
2023-07-28T16:15:15.514Z,XBTUSD,Sell,10200,29325.0,ZeroMinusTick,7da944a0-e15e-b16a-dd5a-01ad1fed98c1,34782612,0.34782612,10200.0,Regular
2023-07-28T16:15:15.514Z,XBTUSD,Sell,700,29325.0,ZeroMinusTick,a4acef48-600c-3cc7-6b4d-c0a0d676235f,2387042,0.02387042,700.0,Regular
2023-07-28T16:15:15.514Z,XBTUSD,Sell,200,29324.5,MinusTick,23bc0910-937d-5cd9-9ca3-c7ef3deb3bc3,682024,0.00682024,200.0,Regular
2023-07-28T16:15:15.514Z,XBTUSD,Sell,200,29324.5,ZeroMinusTick,ff5d75ca-4c5a-1e48-9119-83e61dbc6964,682024,0.00682024,200.0,Regular
2023-07-28T16:15:15.514Z,XBTUSD,Sell,100,29323.5,MinusTick,15be19c1-3a58-e57b-55a2-da0dcb104e94,341023,0.00341023,100.0,Regular
2023-07-28T16:15:15.514Z,XBTUSD,Sell,5800,29322.5,MinusTick,06eecebb-7c0a-263b-2070-870ce1ccbd34,19780030,0.1978003,5800.0,Regular
2023-07-28T16:15:15.514Z,XBTUSD,Sell,16800,29322.5,ZeroMinusTick,1bab96f8-b512-4573-8f85-87a3d3db6543,57293880,0.5729388,16800.0,Regular
2023-07-28T16:15:15.514Z,XBTUSD,Sell,48400,29322.0,MinusTick,9e88acd0-c021-907c-8631-c68c25277a63,165063844,1.65063844,48400.0,Regular
2023-07-28T16:15:15.514Z,XBTUSD,Sell,500,29322.0,ZeroMinusTick,2a6773bc-e0c3-4833-5592-d6f25c2eb316,1705205,0.01705205,500.0,Regular
2023-07-28T16:15:15.514Z,XBTUSD,Sell,48500,29321.5,MinusTick,f1cc6788-0bfe-0def-b99d-46a996258f54,165407795,1.65407795,48500.0,Regular
2023-07-28T16:15:15.514Z,XBTUSD,Sell,13900,29321.0,MinusTick,32ee247e-f225-772c-0c49-f7732c266499,47406228,0.47406228,13900.0,Regular
2023-07-28T16:15:32.348Z,XBTUSD,Buy,42200,29322.0,PlusTick,ebcf043c-c180-f746-6b3b-2a2dcdf6424e,143919302,1.43919302,42200.0,Regular
2023-07-28T16:15:32.348Z,XBTUSD,Buy,2200,29322.0,ZeroPlusTick,613e8c52-1948-91c7-f26e-09996deb4445,7502902,0.07502902,2200.0,Regular
2023-07-28T16:15:32.364Z,XBTUSD,Buy,16300,29322.0,ZeroPlusTick,874b248f-45ca-3f0b-4e28-965dee23dec8,55589683,0.55589683,16300.0,Regular
2023-07-28T16:15:32.364Z,XBTUSD,Buy,3000,29322.0,ZeroPlusTick,7259d877-7e29-e718-f183-5a6ab52cf64c,10231230,0.1023123,3000.0,Regular
2023-07-28T16:15:32.364Z,XBTUSD,Buy,400,29322.0,ZeroPlusTick,cd9ae42c-577a-eed4-b42f-f04eda418dd8,1364164,0.01364164,400.0,Regular
2023-07-28T16:15:32.364Z,XBTUSD,Buy,300,29322.0,ZeroPlusTick,3a3d5c4e-3610-e45d-b1e5-b8eec3316e9e,1023123,0.01023123,300.0,Regular
2023-07-28T16:15:32.364Z,XBTUSD,Buy,31000,29322.0,ZeroPlusTick,061ec761-8b13-fe63-af25-561a0ea6ae65,105722710,1.0572271,31000.0,Regular
2023-07-28T16:15:32.376Z,XBTUSD,Buy,6700,29322.0,ZeroPlusTick,2a5b7a6d-c82e-268d-8a67-5782f9234eb5,22849747,0.22849747,6700.0,Regular
2023-07-28T16:15:32.380Z,XBTUSD,Buy,28100,29322.0,ZeroPlusTick,b01ee9b0-ead4-e7e9-8d8d-8a438a048cd7,95832521,0.95832521,28100.0,Regular
2023-07-28T16:15:32.380Z,XBTUSD,Buy,5300,29322.0,ZeroPlusTick,014e854e-8fa7-247e-1c8c-0f29c59e4f8e,18075173,0.18075173,5300.0,Regular
2023-07-28T16:15:32.380Z,XBTUSD,Buy,2100,29322.0,ZeroPlusTick,0ba290e5-0bd1-5678-f181-c53cbabaaf00,7161861,0.07161861,2100.0,Regular
2023-07-28T16:15:32.380Z,XBTUSD,Buy,14000,29322.0,ZeroPlusTick,d0590fda-4924-89e0-7b65-32a367622b8e,47745740,0.4774574,14000.0,Regular
2023-07-28T16:15:32.380Z,XBTUSD,Buy,100,29322.0,ZeroPlusTick,0f06b2db-b719-348c-da14-423d3027298f,341041,0.00341041,100.0,Regular
2023-07-28T16:15:32.380Z,XBTUSD,Buy,200,29322.0,ZeroPlusTick,ba645fea-e360-b8e1-9a74-ad98bca6496e,682082,0.00682082,200.0,Regular
2023-07-28T16:15:32.380Z,XBTUSD,Buy,33800,29322.0,ZeroPlusTick,c6a211a2-ab2f-2f47-25d4-b3fda77692e6,115271858,1.15271858,33800.0,Regular
2023-07-28T16:15:32.399Z,XBTUSD,Buy,2200,29323.0,PlusTick,4cfbb529-f265-68f5-a54c-2e3f902d4d54,7502638,0.07502638,2200.0,Regular
2023-07-28T16:15:32.399Z,XBTUSD,Buy,13700,29324.0,PlusTick,0db23907-933e-ef35-d7f0-1a935f1e1614,46719466,0.46719466,13700.0,Regular
2023-07-28T16:15:32.399Z,XBTUSD,Buy,300,29324.5,PlusTick,d6b901f0-379f-bd0b-3afe-e8a7da79c764,1023036,0.01023036,300.0,Regular
2023-07-28T16:15:32.399Z,XBTUSD,Buy,300,29324.5,ZeroPlusTick,f3f556a4-676f-1f00-bd3d-6bd9a917f45c,1023036,0.01023036,300.0,Regular
2023-07-28T16:15:32.399Z,XBTUSD,Buy,15100,29324.5,ZeroPlusTick,c5abb9da-0f92-50fa-dded-31262deb4dc7,51492812,0.51492812,15100.0,Regular
2023-07-28T16:15:44.874Z,XBTUSD,Buy,100,29326.0,PlusTick,69b4bfd5-312d-c499-ddb6-f7c9799f0c1d,340994,0.00340994,100.0,Regular
2023-07-28T16:15:44.874Z,XBTUSD,Buy,9000,29326.0,ZeroPlusTick,091eda1b-9d04-cd1c-5067-cb2f442a82da,30689460,0.3068946,9000.0,Regular
2023-07-28T16:15:44.874Z,XBTUSD,Buy,3500,29326.0,ZeroPlusTick,a0e947da-9bcd-61f2-9ae2-ea749824b41c,11934790,0.1193479,3500.0,Regular
2023-07-28T16:15:44.874Z,XBTUSD,Buy,100,29326.0,ZeroPlusTick,bd3dc847-1d03-3901-05f8-dfb86ae02744,340994,0.00340994,100.0,Regular
2023-07-28T16:15:44.874Z,XBTUSD,Buy,16500,29326.0,ZeroPlusTick,3e61484c-0395-faef-a57d-91387d8ad84a,56264010,0.5626401,16500.0,Regular
2023-07-28T16:15:44.874Z,XBTUSD,Buy,800,29326.0,ZeroPlusTick,92978152-a96f-2191-7144-1345fb67a956,2727952,0.02727952,800.0,Regular
2023-07-28T16:15:44.874Z,XBTUSD,Buy,1300,29326.0,ZeroPlusTick,3c3348c2-4f87-6a60-c2f0-1299c96dc51e,4432922,0.04432922,1300.0,Regular
2023-07-28T16:15:44.874Z,XBTUSD,Buy,100,29326.0,ZeroPlusTick,f08626c5-27e9-f14d-3fab-0ff7b9fd1ef1,340994,0.00340994,100.0,Regular
2023-07-28T16:15:44.874Z,XBTUSD,Buy,100,29326.0,ZeroPlusTick,d80eab50-30f9-27ce-1303-80ab616ccacb,340994,0.00340994,100.0,Regular
2023-07-28T16:15:44.874Z,XBTUSD,Buy,22200,29326.0,ZeroPlusTick,28659896-44aa-4db7-08e9-88d343312eaa,75700668,0.75700668,22200.0,Regular
2023-07-28T16:15:47.094Z,XBTUSD,Buy,9500,29326.0,ZeroPlusTick,8b0221b2-65ed-f800-42ce-344ad3c1e0af,32394430,0.3239443,9500.0,Regular
2023-07-28T16:15:59.360Z,XBTUSD,Buy,26500,29329.0,PlusTick,0471f3ce-5d78-9df5-1a2a-22822f657f0a,90354135,0.90354135,26500.0,Regular
2023-07-28T16:16:07.108Z,XBTUSD,Buy,2300,29329.0,ZeroPlusTick,6f77761a-38de-385c-4de2-e5611803f22a,7842057,0.07842057,2300.0,Regular
2023-07-28T16:16:07.108Z,XBTUSD,Buy,11300,29331.5,PlusTick,a8c57bf4-59b5-ac8e-1938-75ce9f8f78ce,38525090,0.3852509,11300.0,Regular
2023-07-28T16:16:07.108Z,XBTUSD,Buy,13700,29331.5,ZeroPlusTick,186baea3-f22e-d676-0af5-1b7a045c1c88,46707410,0.4670741,13700.0,Regular
2023-07-28T16:16:07.110Z,XBTUSD,Buy,300,29332.0,PlusTick,582f6ab4-dae0-bafa-20ed-0fdcc117963f,1022775,0.01022775,300.0,Regular
2023-07-28T16:16:07.110Z,XBTUSD,Buy,300,29332.0,ZeroPlusTick,7173a9f0-d6ff-2fe9-9496-089c84ccd202,1022775,0.01022775,300.0,Regular
2023-07-28T16:16:07.110Z,XBTUSD,Buy,15100,29332.0,ZeroPlusTick,9b2a27a0-9cea-96a1-7304-dd006016cc05,51479675,0.51479675,15100.0,Regular
2023-07-28T16:16:07.115Z,XBTUSD,Buy,15800,29332.5,PlusTick,ba8d1702-8252-1541-8d7b-cb82b940f9f9,53865202,0.53865202,15800.0,Regular
2023-07-28T16:16:07.124Z,XBTUSD,Buy,9800,29333.0,PlusTick,8b5d683e-4280-ff9a-513a-cb258a82b207,33409474,0.33409474,9800.0,Regular
2023-07-28T16:16:07.124Z,XBTUSD,Buy,38600,29333.0,ZeroPlusTick,2497545d-1a37-cb8b-a37d-e8ba12e40378,131592418,1.31592418,38600.0,Regular
2023-07-28T16:16:08.494Z,XBTUSD,Buy,100,29334.5,PlusTick,a0e1bf43-ae4e-0065-5868-37931cc1888a,340896,0.00340896,100.0,Regular
2023-07-28T16:16:08.494Z,XBTUSD,Buy,300,29334.5,ZeroPlusTick,681dd3a4-8ad5-b098-337f-2afd96ec5bcc,1022688,0.01022688,300.0,Regular
2023-07-28T16:16:08.494Z,XBTUSD,Buy,300,29334.5,ZeroPlusTick,cf152290-abab-39b1-6d6d-af11362fc014,1022688,0.01022688,300.0,Regular
2023-07-28T16:16:08.494Z,XBTUSD,Buy,32800,29334.5,ZeroPlusTick,eea2ba8c-570b-fe63-f081-90321d3e78f5,111813888,1.11813888,32800.0,Regular
2023-07-28T16:16:08.494Z,XBTUSD,Buy,4500,29334.5,ZeroPlusTick,c07abd4a-0fed-fd81-6650-eecafc44f164,15340320,0.1534032,4500.0,Regular
2023-07-28T16:16:16.827Z,XBTUSD,Buy,4200,29338.0,PlusTick,438957bd-1365-5cb9-a3ed-8a31b2f02a5a,14315910,0.1431591,4200.0,Regular
2023-07-28T16:16:16.827Z,XBTUSD,Buy,200,29338.0,ZeroPlusTick,e4242cb7-5c21-e813-e29e-7c11c97b17f7,681710,0.0068171,200.0,Regular
2023-07-28T16:16:16.827Z,XBTUSD,Buy,9000,29338.0,ZeroPlusTick,73d04b52-efb7-257c-f00d-99e9852dc825,30676950,0.3067695,9000.0,Regular
2023-07-28T16:16:16.827Z,XBTUSD,Buy,100,29338.0,ZeroPlusTick,649bce82-c0f3-ce9b-add6-471102a7035e,340855,0.00340855,100.0,Regular
2023-07-28T16:16:16.827Z,XBTUSD,Buy,8100,29338.0,ZeroPlusTick,96f7fa48-be90-92c3-6073-0c80c1753eb3,27609255,0.27609255,8100.0,Regular
2023-07-28T16:16:16.827Z,XBTUSD,Buy,5700,29338.0,ZeroPlusTick,00b2a9ac-57c0-6d46-1316-1b94c44ccd16,19428735,0.19428735,5700.0,Regular
2023-07-28T16:16:16.827Z,XBTUSD,Buy,500,29338.0,ZeroPlusTick,509ba1fd-157e-e5a3-384f-ff9721340b24,1704275,0.01704275,500.0,Regular
2023-07-28T16:16:16.827Z,XBTUSD,Buy,100,29338.0,ZeroPlusTick,1266414e-f1df-febc-58fd-529001793ebc,340855,0.00340855,100.0,Regular
2023-07-28T16:16:16.827Z,XBTUSD,Buy,23300,29338.0,ZeroPlusTick,e55bd766-cc76-5f88-fd00-fa98b19d77ab,79419215,0.79419215,23300.0,Regular
2023-07-28T16:16:16.827Z,XBTUSD,Buy,600,29338.0,ZeroPlusTick,95ad1a9a-df27-6335-5d9f-89ec03464e32,2045130,0.0204513,600.0,Regular
2023-07-28T16:16:20.694Z,XBTUSD,Buy,100,29339.5,PlusTick,69384d1b-d186-7d07-ce56-ac716799c563,340837,0.00340837,100.0,Regular
2023-07-28T16:16:20.694Z,XBTUSD,Buy,1100,29339.5,ZeroPlusTick,0732ecfb-52b6-134c-5d73-e77123ada9d2,3749207,0.03749207,1100.0,Regular
2023-07-28T16:16:20.694Z,XBTUSD,Buy,100,29339.5,ZeroPlusTick,9fcc91b7-3d9b-4e51-4369-8ba09361e036,340837,0.00340837,100.0,Regular
2023-07-28T16:16:20.694Z,XBTUSD,Buy,2000,29339.5,ZeroPlusTick,d9cc70dc-9c74-e488-0351-dde1f742dd40,6816740,0.0681674,2000.0,Regular
2023-07-28T16:16:20.694Z,XBTUSD,Buy,1400,29339.5,ZeroPlusTick,708d0e6a-64e5-5584-182e-b0528136d634,4771718,0.04771718,1400.0,Regular
2023-07-28T16:16:20.694Z,XBTUSD,Buy,800,29341.0,PlusTick,f95a6b3a-c892-b143-7ca7-8d7410670444,2726560,0.0272656,800.0,Regular
2023-07-28T16:16:20.694Z,XBTUSD,Buy,100,29341.5,PlusTick,00c36367-4e0c-f93d-ef61-73b511f8203f,340814,0.00340814,100.0,Regular
2023-07-28T16:16:20.694Z,XBTUSD,Buy,800,29341.5,ZeroPlusTick,35467b4a-b2b2-0fe0-e896-2a8094c99eaf,2726512,0.02726512,800.0,Regular
2023-07-28T16:16:20.694Z,XBTUSD,Buy,3300,29343.5,PlusTick,b29f1a30-fdca-bbbd-ecc8-d51c8089640e,11246103,0.11246103,3300.0,Regular
2023-07-28T16:16:20.694Z,XBTUSD,Buy,3300,29344.0,PlusTick,2f2f4837-74be-a634-3549-4517df920079,11245905,0.11245905,3300.0,Regular
2023-07-28T16:16:20.698Z,XBTUSD,Buy,3300,29344.5,PlusTick,bea80f15-60bc-822f-584c-33a83d1fb7c7,11245707,0.11245707,3300.0,Regular
2023-07-28T16:16:20.698Z,XBTUSD,Buy,300,29344.5,ZeroPlusTick,0886f038-141b-19cb-1013-5f7d705c884e,1022337,0.01022337,300.0,Regular
2023-07-28T16:16:20.698Z,XBTUSD,Buy,300,29344.5,ZeroPlusTick,3c8881fc-2314-354d-5b02-2d09f8a3033f,1022337,0.01022337,300.0,Regular
2023-07-28T16:16:20.698Z,XBTUSD,Buy,500,29345.0,PlusTick,250e688d-99b6-33a3-b2e9-afefc6e5d61a,1703870,0.0170387,500.0,Regular
2023-07-28T16:16:20.698Z,XBTUSD,Buy,43000,29345.0,ZeroPlusTick,0f32fbe8-ccfd-16ce-7f25-726a65b7033d,146532820,1.4653282,43000.0,Regular
2023-07-28T16:16:20.698Z,XBTUSD,Buy,3300,29345.0,ZeroPlusTick,dcf747f2-1ecf-8971-7331-dc29d31e482b,11245542,0.11245542,3300.0,Regular
2023-07-28T16:16:20.698Z,XBTUSD,Buy,100,29346.0,PlusTick,85612558-07e0-970f-f806-a886083bb3c3,340762,0.00340762,100.0,Regular
2023-07-28T16:16:20.698Z,XBTUSD,Buy,3300,29346.0,ZeroPlusTick,6aa46040-566d-c5d5-08dc-1da287107b46,11245146,0.11245146,3300.0,Regular
2023-07-28T16:16:20.698Z,XBTUSD,Buy,3200,29346.5,PlusTick,9f50e673-3ab0-1811-4404-39c4a71d0595,10904192,0.10904192,3200.0,Regular
2023-07-28T16:16:20.706Z,XBTUSD,Buy,100,29346.5,ZeroPlusTick,b39bee4a-2fae-1c18-7373-c1cdc7b5c201,340756,0.00340756,100.0,Regular
2023-07-28T16:16:20.711Z,XBTUSD,Buy,5000,29344.0,MinusTick,e6157fd6-06fc-a07e-e36b-9f68280ea5a0,17039250,0.1703925,5000.0,Regular
2023-07-28T16:16:20.768Z,XBTUSD,Buy,3000,29346.5,PlusTick,451a6276-1f4e-6901-e7ea-d9e6a4a7ccbf,10222680,0.1022268,3000.0,Regular
2023-07-28T16:16:20.773Z,XBTUSD,Buy,6700,29346.5,ZeroPlusTick,343c115b-7412-b81f-c98c-d7b5e1f91397,22830652,0.22830652,6700.0,Regular
2023-07-28T16:16:20.812Z,XBTUSD,Buy,39000,29348.0,PlusTick,23e41618-adfd-9c66-b8d2-92e32c6fc3b0,132888210,1.3288821,39000.0,Regular
2023-07-28T16:16:24.499Z,XBTUSD,Buy,3000,29350.0,PlusTick,cb9c5f78-b7b2-ab1a-400e-0a64162525b7,10221480,0.1022148,3000.0,Regular
2023-07-28T16:16:24.499Z,XBTUSD,Buy,3000,29350.0,ZeroPlusTick,ca9e9b26-4fe5-e36c-4c6e-e26ebb7e1ed8,10221480,0.1022148,3000.0,Regular
2023-07-28T16:16:24.588Z,XBTUSD,Buy,2000,29350.0,ZeroPlusTick,32f0fc2c-16c8-399d-d8cc-c1a5744ad9e4,6814320,0.0681432,2000.0,Regular
2023-07-28T16:16:34.545Z,XBTUSD,Buy,300,29350.0,ZeroPlusTick,337b1d95-09b2-5dc9-a63a-423bc6e8a9df,1022148,0.01022148,300.0,Regular
2023-07-28T16:16:34.545Z,XBTUSD,Buy,300,29350.0,ZeroPlusTick,fbf1beed-5e80-18e1-d613-f45822da0e3b,1022148,0.01022148,300.0,Regular
2023-07-28T16:16:34.545Z,XBTUSD,Buy,31200,29350.0,ZeroPlusTick,127cec4a-89ed-1c9c-e3d2-bff12d3a66ef,106303392,1.06303392,31200.0,Regular
2023-07-28T16:16:54.386Z,XBTUSD,Buy,300,29352.0,PlusTick,4fbea084-e62c-88bd-2520-9887e5354288,1022076,0.01022076,300.0,Regular
2023-07-28T16:16:54.386Z,XBTUSD,Buy,300,29352.0,ZeroPlusTick,647e8f4f-0de6-845e-c694-05310fe15e20,1022076,0.01022076,300.0,Regular
2023-07-28T16:16:54.386Z,XBTUSD,Buy,100,29352.0,ZeroPlusTick,8c973542-90e1-ff09-9f06-f0aea4c913c6,340692,0.00340692,100.0,Regular
2023-07-28T16:17:03.132Z,XBTUSD,Buy,200,29352.0,ZeroPlusTick,97a2c655-811e-37d0-f8fa-f186e0454d5e,681384,0.00681384,200.0,Regular
2023-07-28T16:17:03.132Z,XBTUSD,Buy,100,29352.0,ZeroPlusTick,ee5ab449-9191-06b0-493c-09bccbf4fc92,340692,0.00340692,100.0,Regular
2023-07-28T16:17:03.132Z,XBTUSD,Buy,500,29352.0,ZeroPlusTick,fe116e73-9c56-088b-b1bd-65c719c5dae6,1703460,0.0170346,500.0,Regular
2023-07-28T16:17:03.132Z,XBTUSD,Buy,54300,29352.0,ZeroPlusTick,e9a1e4bf-f284-bd76-18e4-c46f03fc5f5a,184995756,1.84995756,54300.0,Regular
2023-07-28T16:17:11.761Z,XBTUSD,Sell,2500,29351.5,MinusTick,18f9a84b-52ab-f896-0a3a-65962e0e96d4,8517450,0.0851745,2500.0,Regular
2023-07-28T16:17:11.761Z,XBTUSD,Sell,6900,29351.5,ZeroMinusTick,51125ce6-35e3-a7b3-9783-712197a7b1ac,23508162,0.23508162,6900.0,Regular
2023-07-28T16:17:11.761Z,XBTUSD,Sell,6000,29351.5,ZeroMinusTick,54cd7677-4750-d0c0-95b8-b3589c822f7e,20441880,0.2044188,6000.0,Regular
2023-07-28T16:17:11.761Z,XBTUSD,Sell,12400,29351.5,ZeroMinusTick,72ab5063-7fe3-fe02-c600-34525ca004f9,42246552,0.42246552,12400.0,Regular
2023-07-28T16:17:11.761Z,XBTUSD,Sell,73300,29351.5,ZeroMinusTick,f6440291-ebfc-4a26-605e-27a67703982b,249731634,2.49731634,73300.0,Regular
2023-07-28T16:17:11.761Z,XBTUSD,Sell,16800,29351.5,ZeroMinusTick,1cb912bf-b381-f996-c7ac-e967cf8bbb03,57237264,0.57237264,16800.0,Regular
2023-07-28T16:17:11.761Z,XBTUSD,Sell,1800,29351.5,ZeroMinusTick,247a51f2-a629-53f5-6c89-bbd730851636,6132564,0.06132564,1800.0,Regular
2023-07-28T16:17:11.761Z,XBTUSD,Sell,100,29351.5,ZeroMinusTick,bee4b808-f493-fb31-1333-deb493503f2b,340698,0.00340698,100.0,Regular
2023-07-28T16:17:11.761Z,XBTUSD,Sell,100,29351.5,ZeroMinusTick,f76dde92-51fd-7335-836d-04ef8350ca66,340698,0.00340698,100.0,Regular
2023-07-28T16:17:11.761Z,XBTUSD,Sell,55900,29351.5,ZeroMinusTick,0419ae4f-5dff-5ac8-ee41-dcf983f440ac,190450182,1.90450182,55900.0,Regular
2023-07-28T16:17:11.761Z,XBTUSD,Sell,100,29351.5,ZeroMinusTick,0b4d3233-9858-ad80-a954-d63325c35ceb,340698,0.00340698,100.0,Regular
2023-07-28T16:17:11.761Z,XBTUSD,Sell,100,29351.5,ZeroMinusTick,d030f965-9956-e567-38f3-73a64869c62f,340698,0.00340698,100.0,Regular
2023-07-28T16:17:19.515Z,XBTUSD,Sell,5000,29350.0,MinusTick,db5c5994-9901-9525-516f-cc8dc0efdffd,17035800,0.170358,5000.0,Regular
2023-07-28T16:17:19.515Z,XBTUSD,Sell,200,29350.0,ZeroMinusTick,928a73e0-797b-604e-dfd1-fda399b1fbbe,681432,0.00681432,200.0,Regular
2023-07-28T16:17:19.515Z,XBTUSD,Sell,10000,29350.0,ZeroMinusTick,748f74e1-07bd-4f24-9623-95d3cb5698ac,34071600,0.340716,10000.0,Regular
2023-07-28T16:17:19.515Z,XBTUSD,Sell,24400,29350.0,ZeroMinusTick,36abb2c1-b65c-5ef3-e6eb-d11e56b502bd,83134704,0.83134704,24400.0,Regular
2023-07-28T16:17:22.973Z,XBTUSD,Buy,400,29349.0,MinusTick,0dbaca2f-3ad2-0eb5-39c1-b33d8d318d64,1362908,0.01362908,400.0,Regular
2023-07-28T16:17:22.973Z,XBTUSD,Buy,2200,29349.0,ZeroMinusTick,223fa3b0-3c14-935b-17cc-efa2be16af77,7495994,0.07495994,2200.0,Regular
2023-07-28T16:17:22.973Z,XBTUSD,Buy,100,29349.0,ZeroMinusTick,6e47b0e2-9f6c-b33d-4e7f-4b7e353a911f,340727,0.00340727,100.0,Regular
2023-07-28T16:17:22.973Z,XBTUSD,Buy,100,29349.0,ZeroMinusTick,87d1b7c9-2c74-ddbd-4c8f-6ea1a8af3881,340727,0.00340727,100.0,Regular
2023-07-28T16:17:22.973Z,XBTUSD,Buy,100,29349.0,ZeroMinusTick,dbfb08db-aec6-2c9f-8cef-9a84515af45c,340727,0.00340727,100.0,Regular
2023-07-28T16:17:22.973Z,XBTUSD,Buy,100,29349.0,ZeroMinusTick,1ba1e1aa-3ed3-b8da-9f23-dc95b5d59db2,340727,0.00340727,100.0,Regular
2023-07-28T16:17:22.973Z,XBTUSD,Buy,2900,29349.0,ZeroMinusTick,5850eee6-3266-5ffc-b1b1-3b75610990d3,9881083,0.09881083,2900.0,Regular
2023-07-28T16:17:22.973Z,XBTUSD,Buy,12900,29349.0,ZeroMinusTick,1ea53108-f3cf-7163-499b-f85dedb5d042,43953783,0.43953783,12900.0,Regular
2023-07-28T16:18:46.772Z,XBTUSD,Buy,17000,29353.0,PlusTick,a31b4cdf-3e6e-335a-f76e-e12c77552b2b,57915770,0.5791577,17000.0,Regular
2023-07-28T16:18:46.772Z,XBTUSD,Buy,100,29353.0,ZeroPlusTick,aa5df4fd-99d8-6d81-899f-f6f44d8ce821,340681,0.00340681,100.0,Regular
2023-07-28T16:18:46.772Z,XBTUSD,Buy,500,29353.0,ZeroPlusTick,e11157f2-d942-cf68-b93e-9bf52c42b227,1703405,0.01703405,500.0,Regular
2023-07-28T16:18:46.772Z,XBTUSD,Buy,19200,29353.0,ZeroPlusTick,fac68ef2-4c9c-a272-66d6-45adcd0ef721,65410752,0.65410752,19200.0,Regular
2023-07-28T16:18:46.772Z,XBTUSD,Buy,4400,29353.0,ZeroPlusTick,f3e80d40-0042-7ea8-fbdf-cf1f90b2f3da,14989964,0.14989964,4400.0,Regular
2023-07-28T16:18:46.772Z,XBTUSD,Buy,18600,29353.0,ZeroPlusTick,846a9c8f-4b92-7e22-b156-b1567ea50e32,63366666,0.63366666,18600.0,Regular
2023-07-28T16:18:46.772Z,XBTUSD,Buy,8700,29353.0,ZeroPlusTick,2f43a598-2406-e987-b4d5-ac24ef013717,29639247,0.29639247,8700.0,Regular
2023-07-28T16:18:46.781Z,XBTUSD,Buy,9900,29353.0,ZeroPlusTick,38bf1d97-6940-feb4-550b-6c7141da65ab,33727419,0.33727419,9900.0,Regular
2023-07-28T16:18:46.781Z,XBTUSD,Buy,500,29355.0,PlusTick,6cfd685c-b1f5-57c7-ea72-cfe69b28598b,1703285,0.01703285,500.0,Regular
2023-07-28T16:18:46.781Z,XBTUSD,Buy,300,29355.0,ZeroPlusTick,0032b4b9-27ab-6fb9-eb33-48e772aa22c5,1021971,0.01021971,300.0,Regular
2023-07-28T16:18:46.781Z,XBTUSD,Buy,3700,29355.0,ZeroPlusTick,e27d697d-7051-45ef-9335-0b3a4e067c85,12604309,0.12604309,3700.0,Regular
2023-07-28T16:18:46.781Z,XBTUSD,Buy,15100,29355.5,PlusTick,175b9aa0-ebc2-76ca-7444-fec4c951631e,51438452,0.51438452,15100.0,Regular
2023-07-28T16:18:46.785Z,XBTUSD,Buy,9800,29356.0,PlusTick,5ecbd0c3-534e-7c72-cb63-5123f3c6ce4c,33383308,0.33383308,9800.0,Regular
2023-07-28T16:18:46.785Z,XBTUSD,Buy,15800,29356.0,ZeroPlusTick,58b96a74-2432-cd8a-28b6-c07f45ea0cb4,53822068,0.53822068,15800.0,Regular
2023-07-28T16:18:46.789Z,XBTUSD,Buy,300,29356.5,PlusTick,8e7f4f21-1ae1-1b6e-2897-dd6b536ac1cb,1021920,0.0102192,300.0,Regular
2023-07-28T16:18:46.789Z,XBTUSD,Buy,39500,29356.5,ZeroPlusTick,7415015f-7489-59fa-24b2-18f400a9102b,134552800,1.345528,39500.0,Regular
2023-07-28T16:19:05.329Z,XBTUSD,Buy,100,29358.5,PlusTick,a929cd0a-7348-60f7-6121-777c36085a88,340617,0.00340617,100.0,Regular
2023-07-28T16:19:05.329Z,XBTUSD,Buy,200,29358.5,ZeroPlusTick,0b5e20d3-b167-0ae5-24e7-3208ba2fb6fd,681234,0.00681234,200.0,Regular
2023-07-28T16:19:05.329Z,XBTUSD,Buy,4800,29358.5,ZeroPlusTick,9c054574-dc75-6b0f-4afe-7ac47ed3bc3e,16349616,0.16349616,4800.0,Regular
2023-07-28T16:19:05.329Z,XBTUSD,Buy,4300,29358.5,ZeroPlusTick,37d1f1e9-46a5-3ca7-5603-93db45bca11d,14646531,0.14646531,4300.0,Regular
2023-07-28T16:19:05.329Z,XBTUSD,Buy,43000,29358.5,ZeroPlusTick,7ab4e632-d5f5-0d51-2142-0babd5f33b85,146465310,1.4646531,43000.0,Regular
2023-07-28T16:19:05.329Z,XBTUSD,Buy,45500,29358.5,ZeroPlusTick,b982af35-c8b2-efbf-67b2-4f474a1bac1b,154980735,1.54980735,45500.0,Regular
2023-07-28T16:19:05.329Z,XBTUSD,Buy,42100,29358.5,ZeroPlusTick,20f4c641-7e11-d269-6d2e-3cacde544da0,143399757,1.43399757,42100.0,Regular
2023-07-28T16:19:10.953Z,XBTUSD,Sell,33800,29358.0,MinusTick,aaab6f5a-112c-6aec-769a-7dcafa94a1e2,115130574,1.15130574,33800.0,Regular
2023-07-28T16:19:10.953Z,XBTUSD,Sell,9500,29358.0,ZeroMinusTick,8c1442f6-abdc-e9a0-14bd-7b9adbca38e7,32359185,0.32359185,9500.0,Regular
2023-07-28T16:19:10.955Z,XBTUSD,Sell,21900,29358.0,ZeroMinusTick,f3d5643f-b04e-db98-c3f1-95058cf45770,74596437,0.74596437,21900.0,Regular
2023-07-28T16:19:10.958Z,XBTUSD,Sell,24500,29358.0,ZeroMinusTick,127cf9f4-47e5-7ff9-4332-474fe945dd00,83452635,0.83452635,24500.0,Regular
2023-07-28T16:19:10.958Z,XBTUSD,Sell,200,29358.0,ZeroMinusTick,9e9c5ed7-9338-0a36-f40a-9743ca336bc7,681246,0.00681246,200.0,Regular
2023-07-28T16:19:10.958Z,XBTUSD,Sell,500,29358.0,ZeroMinusTick,226e0321-d9c4-b9aa-0ff8-8028c0d4cefc,1703115,0.01703115,500.0,Regular
2023-07-28T16:19:10.958Z,XBTUSD,Sell,100,29358.0,ZeroMinusTick,214056a7-bf4a-e190-4da7-ae5a976a1863,340623,0.00340623,100.0,Regular
2023-07-28T16:19:10.958Z,XBTUSD,Sell,3100,29358.0,ZeroMinusTick,23c7ff57-36ea-7dbf-912b-e80ba4832dce,10559313,0.10559313,3100.0,Regular
2023-07-28T16:20:33.409Z,XBTUSD,Sell,100,29355.0,MinusTick,d95a8d26-b0bd-e849-f37f-e7e509a26f65,340657,0.00340657,100.0,Regular
2023-07-28T16:20:33.409Z,XBTUSD,Sell,7600,29355.0,ZeroMinusTick,f43b378c-c1a0-c7ab-c712-b7b35774f506,25889932,0.25889932,7600.0,Regular
2023-07-28T16:20:33.409Z,XBTUSD,Sell,7800,29355.0,ZeroMinusTick,582ade0f-746b-fb65-e157-e60cd319dde3,26571246,0.26571246,7800.0,Regular
2023-07-28T16:20:33.409Z,XBTUSD,Sell,500,29355.0,ZeroMinusTick,13dcebcc-07ff-ecbc-a1d8-64b05bfe9603,1703285,0.01703285,500.0,Regular
2023-07-28T16:20:33.409Z,XBTUSD,Sell,17500,29355.0,ZeroMinusTick,ef99073c-8cba-e590-07be-c95f6c7f2dab,59614975,0.59614975,17500.0,Regular
2023-07-28T16:20:33.409Z,XBTUSD,Sell,2900,29355.0,ZeroMinusTick,f18d7dbb-4f64-d496-ac19-b7864d292486,9879053,0.09879053,2900.0,Regular
2023-07-28T16:20:33.409Z,XBTUSD,Sell,200,29355.0,ZeroMinusTick,1dfdc290-6712-3dcb-b52f-adfd9e6b9ace,681314,0.00681314,200.0,Regular
2023-07-28T16:20:52.216Z,XBTUSD,Sell,300,29354.0,MinusTick,918f7cff-8490-6498-ae68-22511172e9bc,1022007,0.01022007,300.0,Regular
2023-07-28T16:21:01.569Z,XBTUSD,Buy,2100,29354.5,PlusTick,e68dbd4d-f96c-c3b7-c94a-d53abe720659,7153923,0.07153923,2100.0,Regular
2023-07-28T16:21:03.283Z,XBTUSD,Buy,200,29354.5,ZeroPlusTick,a56179d9-66e2-ca60-b1be-87cd7e3bf872,681326,0.00681326,200.0,Regular
2023-07-28T16:21:03.283Z,XBTUSD,Buy,800,29354.5,ZeroPlusTick,c03fa81b-577c-c318-b2b6-95e7c6e514da,2725304,0.02725304,800.0,Regular
2023-07-28T16:21:03.283Z,XBTUSD,Buy,1000,29354.5,ZeroPlusTick,0d24d634-2c11-cb86-a76f-1197e79202d2,3406630,0.0340663,1000.0,Regular
2023-07-28T16:21:03.283Z,XBTUSD,Buy,300,29354.5,ZeroPlusTick,da300998-7908-28e2-3bc9-2b98c3063619,1021989,0.01021989,300.0,Regular
2023-07-28T16:21:03.283Z,XBTUSD,Buy,500,29354.5,ZeroPlusTick,35a6fd0c-6b70-feb1-1691-81e8c0795051,1703315,0.01703315,500.0,Regular
2023-07-28T16:21:03.283Z,XBTUSD,Buy,4100,29354.5,ZeroPlusTick,d9b3f8dc-40ab-964f-6535-2c81997cf1e7,13967183,0.13967183,4100.0,Regular
2023-07-28T16:21:03.283Z,XBTUSD,Buy,200,29354.5,ZeroPlusTick,7ad4b6fa-58e4-7cb7-dba5-498f27f5723c,681326,0.00681326,200.0,Regular
2023-07-28T16:21:03.283Z,XBTUSD,Buy,600,29354.5,ZeroPlusTick,bd73963b-651c-9ff2-5a9d-d314eccf68c3,2043978,0.02043978,600.0,Regular
2023-07-28T16:21:03.283Z,XBTUSD,Buy,40100,29354.5,ZeroPlusTick,f7ac67b1-4bd0-7921-f1c8-b42e85eab67a,136605863,1.36605863,40100.0,Regular
2023-07-28T16:21:12.835Z,XBTUSD,Buy,100,29358.5,PlusTick,31c23c44-d538-2427-e635-42747ccb26e5,340617,0.00340617,100.0,Regular
2023-07-28T16:21:12.835Z,XBTUSD,Buy,200,29358.5,ZeroPlusTick,8d8d2a9e-f301-7d00-d134-7edcd9a7f44f,681234,0.00681234,200.0,Regular
2023-07-28T16:21:12.835Z,XBTUSD,Buy,100,29358.5,ZeroPlusTick,51d87587-69ed-178c-3922-d8b105899ec0,340617,0.00340617,100.0,Regular
2023-07-28T16:21:12.835Z,XBTUSD,Buy,600,29358.5,ZeroPlusTick,f6382045-8236-c8c6-45a4-062f88429819,2043702,0.02043702,600.0,Regular
2023-07-28T16:21:20.785Z,XBTUSD,Buy,100,29358.5,ZeroPlusTick,20b6f40e-f8d5-7ddd-85df-b4305472c5b6,340617,0.00340617,100.0,Regular
2023-07-28T16:21:27.884Z,XBTUSD,Buy,100,29358.5,ZeroPlusTick,27dce3d0-bd83-4d9d-8715-6a4a5fc8367e,340617,0.00340617,100.0,Regular
2023-07-28T16:21:28.179Z,XBTUSD,Buy,800,29358.5,ZeroPlusTick,6b64f8eb-d9b2-f250-6455-5ed85f3837cc,2724936,0.02724936,800.0,Regular
2023-07-28T16:21:28.179Z,XBTUSD,Buy,100,29358.5,ZeroPlusTick,24af9c2c-bba2-2f7f-8a2c-71b3d2d31771,340617,0.00340617,100.0,Regular
2023-07-28T16:21:28.179Z,XBTUSD,Buy,100,29358.5,ZeroPlusTick,dba9a8b7-9d30-b313-b74d-052c8a602ae9,340617,0.00340617,100.0,Regular
2023-07-28T16:21:28.179Z,XBTUSD,Buy,22200,29358.5,ZeroPlusTick,78fc0e5b-03d0-45bc-4718-aa3b5239ee82,75616974,0.75616974,22200.0,Regular
2023-07-28T16:21:38.135Z,XBTUSD,Buy,100,29360.0,PlusTick,63dcd15f-1924-dce4-585a-48d46a55a112,340599,0.00340599,100.0,Regular
2023-07-28T16:22:00.957Z,XBTUSD,Sell,34200,29359.5,MinusTick,f72dd255-e70e-ccd2-d0de-156617858625,116486910,1.1648691,34200.0,Regular
2023-07-28T16:22:00.957Z,XBTUSD,Sell,19100,29359.5,ZeroMinusTick,621e8cfd-2e6f-96d3-b85a-8cb709c8c77f,65055555,0.65055555,19100.0,Regular
2023-07-28T16:22:00.957Z,XBTUSD,Sell,2400,29359.5,ZeroMinusTick,ba1129c0-119d-e528-2ec0-530283cd1dbb,8174520,0.0817452,2400.0,Regular
2023-07-28T16:22:00.957Z,XBTUSD,Sell,200,29359.5,ZeroMinusTick,b83f3410-f271-e14e-20d9-6df34bb93354,681210,0.0068121,200.0,Regular
2023-07-28T16:22:00.957Z,XBTUSD,Sell,2100,29359.5,ZeroMinusTick,12a53cc2-84b4-1b9a-96ae-a4d274c432fc,7152705,0.07152705,2100.0,Regular
2023-07-28T16:22:00.957Z,XBTUSD,Sell,500,29359.5,ZeroMinusTick,334c5407-e5f7-b8cf-7d2a-9ab626b956fa,1703025,0.01703025,500.0,Regular
2023-07-28T16:22:00.957Z,XBTUSD,Sell,700,29359.5,ZeroMinusTick,8b4b4774-4ad0-562e-df67-dea2e5a831c7,2384235,0.02384235,700.0,Regular
2023-07-28T16:22:02.603Z,XBTUSD,Buy,4300,29355.0,MinusTick,b8c53a0b-7e5f-ecb4-ae81-21fb9a3497f6,14648251,0.14648251,4300.0,Regular
2023-07-28T16:22:16.690Z,XBTUSD,Sell,55900,29354.5,MinusTick,1231eb09-5e4a-9259-dafe-7ae28c5490b6,190430617,1.90430617,55900.0,Regular
2023-07-28T16:22:16.690Z,XBTUSD,Sell,14100,29354.5,ZeroMinusTick,bff9d160-e85c-b5ac-18bd-dadc04c1d696,48033483,0.48033483,14100.0,Regular
2023-07-28T16:22:51.386Z,XBTUSD,Buy,5300,29355.0,PlusTick,796682ad-7728-35d4-554b-9d3badd31a3b,18054821,0.18054821,5300.0,Regular
2023-07-28T16:22:51.386Z,XBTUSD,Buy,23000,29355.0,ZeroPlusTick,c0884bff-2376-1907-7fa2-448922a2e590,78351110,0.7835111,23000.0,Regular
2023-07-28T16:22:51.386Z,XBTUSD,Buy,100,29355.0,ZeroPlusTick,41235b8b-d8f6-0faa-2e3d-c37e2cf6e90d,340657,0.00340657,100.0,Regular
2023-07-28T16:22:51.386Z,XBTUSD,Buy,400,29355.0,ZeroPlusTick,8d06130c-addd-a4ab-dc95-13ada2399d0d,1362628,0.01362628,400.0,Regular
2023-07-28T16:22:51.386Z,XBTUSD,Buy,100,29355.0,ZeroPlusTick,c9770747-a474-8d19-266c-e6f2e94fbf0e,340657,0.00340657,100.0,Regular
2023-07-28T16:22:51.386Z,XBTUSD,Buy,2900,29355.0,ZeroPlusTick,84cc5c05-3217-0efb-cc23-c3db1ffe9960,9879053,0.09879053,2900.0,Regular
2023-07-28T16:22:51.386Z,XBTUSD,Buy,61300,29355.0,ZeroPlusTick,84edb92a-0b97-5fcc-ac76-105b3c47d9cc,208822741,2.08822741,61300.0,Regular
2023-07-28T16:22:51.386Z,XBTUSD,Buy,100,29355.0,ZeroPlusTick,58cb5f48-10af-8592-d94c-6011e5890773,340657,0.00340657,100.0,Regular
2023-07-28T16:22:51.386Z,XBTUSD,Buy,31400,29355.0,ZeroPlusTick,abcaac27-4f3d-6f46-5afa-e869f6e8e317,106966298,1.06966298,31400.0,Regular
2023-07-28T16:23:27.509Z,XBTUSD,Sell,700,29357.5,PlusTick,91645a3c-0457-9e69-df64-d953969795af,2384396,0.02384396,700.0,Regular
2023-07-28T16:23:27.509Z,XBTUSD,Sell,200,29357.5,ZeroPlusTick,947e6903-e22f-1dd9-64e5-d15e661432ee,681256,0.00681256,200.0,Regular
2023-07-28T16:23:27.509Z,XBTUSD,Sell,700,29357.5,ZeroPlusTick,e182fe07-ea71-8cad-12b9-eef2e9e083e5,2384396,0.02384396,700.0,Regular
2023-07-28T16:23:35.778Z,XBTUSD,Sell,20000,29354.5,MinusTick,1631d5f9-1982-36bd-4b8b-14882b2df07a,68132600,0.681326,20000.0,Regular
2023-07-28T16:23:35.778Z,XBTUSD,Sell,200,29354.5,ZeroMinusTick,b20533b9-0880-44eb-1034-5c272ac87369,681326,0.00681326,200.0,Regular
2023-07-28T16:23:41.217Z,XBTUSD,Sell,1000,29354.0,MinusTick,8daecf0d-b93e-4f77-c15f-31678ac36626,3406690,0.0340669,1000.0,Regular
2023-07-28T16:23:46.669Z,XBTUSD,Sell,100,29354.0,ZeroMinusTick,9f41322d-ee3d-610d-6680-4826e214143b,340669,0.00340669,100.0,Regular
2023-07-28T16:24:00.065Z,XBTUSD,Sell,8400,29354.0,ZeroMinusTick,535191ba-c05c-084a-5692-86465958b976,28616196,0.28616196,8400.0,Regular
2023-07-28T16:24:00.065Z,XBTUSD,Sell,100,29354.0,ZeroMinusTick,011aa9e9-947e-4929-640d-c08204aa0ab8,340669,0.00340669,100.0,Regular
2023-07-28T16:24:00.065Z,XBTUSD,Sell,25000,29354.0,ZeroMinusTick,ed3cdb65-c206-a45e-5c39-b94a9b1644eb,85167250,0.8516725,25000.0,Regular
2023-07-28T16:24:00.065Z,XBTUSD,Sell,5900,29354.0,ZeroMinusTick,31820ae9-851b-d0b9-521b-c5b92ffd9e6a,20099471,0.20099471,5900.0,Regular
2023-07-28T16:24:00.065Z,XBTUSD,Sell,50000,29354.0,ZeroMinusTick,30009903-8a74-e6c5-2d27-5d8d12acc7ba,170334500,1.703345,50000.0,Regular
2023-07-28T16:24:01.146Z,XBTUSD,Sell,10000,29352.5,MinusTick,cee3b41d-eab5-bdab-b113-46d147bf9696,34068600,0.340686,10000.0,Regular
2023-07-28T16:24:01.146Z,XBTUSD,Sell,10000,29352.5,ZeroMinusTick,98359399-0984-3d02-88c7-a791c3aec2ae,34068600,0.340686,10000.0,Regular
2023-07-28T16:24:01.146Z,XBTUSD,Sell,10000,29352.5,ZeroMinusTick,bd25bb1f-10a9-4896-5d3f-6e357f69e41e,34068600,0.340686,10000.0,Regular
2023-07-28T16:24:01.146Z,XBTUSD,Sell,10000,29352.5,ZeroMinusTick,17c3a809-295e-5587-65d8-4f576c57be8b,34068600,0.340686,10000.0,Regular
2023-07-28T16:24:01.146Z,XBTUSD,Sell,10000,29352.5,ZeroMinusTick,2f152e62-b390-b273-c12f-64cb0eda47ed,34068600,0.340686,10000.0,Regular
2023-07-28T16:24:01.146Z,XBTUSD,Sell,10000,29352.5,ZeroMinusTick,7d05dab4-f420-4353-c205-803cade178ff,34068600,0.340686,10000.0,Regular
2023-07-28T16:24:20.191Z,XBTUSD,Sell,100,29351.0,MinusTick,a5505752-e18b-7038-7652-63544b2f716c,340704,0.00340704,100.0,Regular
2023-07-28T16:24:20.191Z,XBTUSD,Sell,1200,29351.0,ZeroMinusTick,1660f339-dd17-d7b1-74fd-df01cdf2c998,4088448,0.04088448,1200.0,Regular
2023-07-28T16:24:43.132Z,XBTUSD,Sell,200,29350.5,MinusTick,38e5885f-4d04-2de8-05a5-58c0bef010e7,681420,0.0068142,200.0,Regular
2023-07-28T16:24:43.132Z,XBTUSD,Sell,300,29350.5,ZeroMinusTick,b25c1032-bfe5-e80a-251f-6615aa18fd2c,1022130,0.0102213,300.0,Regular
