timestamp,symbol,side,size,price,tickDirection,trdMatchID,grossValue,homeNotional,foreignNotional,trdType
2023-07-28T03:58:31.690Z,XBTUSD,Sell,9600,29247.5,ZeroMinusTick,5008943a-2892-e949-c89e-9c81a476ad12,32823360,0.3282336,9600.0,Regular
2023-07-28T04:00:32.598Z,XBTUSD,Sell,100,29242.5,MinusTick,e0125670-2944-2a84-ff87-9814684ce63c,341968,0.00341968,100.0,Regular
2023-07-28T04:00:41.260Z,XBTUSD,Buy,100,29243.0,PlusTick,18b19430-30e8-543a-a3df-db47b5b4bac9,341962,0.00341962,100.0,Regular
2023-07-28T04:00:41.260Z,XBTUSD,Buy,3800,29243.0,ZeroPlusTick,fc33d285-6258-ed74-e778-b290760af7ba,12994556,0.12994556,3800.0,Regular
2023-07-28T04:00:41.260Z,XBTUSD,Buy,30000,29243.0,ZeroPlusTick,15aaeef0-6fe7-151b-66db-867370b33dd1,102588600,1.025886,30000.0,Regular
2023-07-28T04:00:41.260Z,XBTUSD,Buy,5100,29243.0,ZeroPlusTick,42ef2f63-e801-4f94-374a-5a7cb63b93f4,17440062,0.17440062,5100.0,Regular
2023-07-28T04:00:41.260Z,XBTUSD,Buy,2400,29243.0,ZeroPlusTick,42817046-0681-e76d-6019-7b2b70517243,8207088,0.08207088,2400.0,Regular
2023-07-28T04:00:41.260Z,XBTUSD,Buy,600,29243.0,ZeroPlusTick,f81949e2-de03-fc05-82f0-02b4afb532f8,2051772,0.02051772,600.0,Regular
2023-07-28T04:00:41.260Z,XBTUSD,Buy,29900,29243.0,ZeroPlusTick,bee20c52-4601-eef2-27c8-e6b189365fe0,102246638,1.02246638,29900.0,Regular
2023-07-28T04:00:41.260Z,XBTUSD,Buy,100,29243.0,ZeroPlusTick,c9b751db-ca73-ca02-9a9d-9240ed7b759d,341962,0.00341962,100.0,Regular
2023-07-28T04:01:07.882Z,XBTUSD,Sell,100,29245.5,PlusTick,f1d07154-b838-0d3f-e342-f75b8408e0cb,341933,0.00341933,100.0,Regular
2023-07-28T04:01:07.882Z,XBTUSD,Sell,100,29245.5,ZeroPlusTick,9fd3c0d2-069e-c1e3-ff3f-0b7117e5fd0d,341933,0.00341933,100.0,Regular
2023-07-28T04:01:11.687Z,XBTUSD,Sell,400,29245.5,ZeroPlusTick,27827bd9-c169-aa79-0ff6-6801bb1b4a58,1367732,0.01367732,400.0,Regular
2023-07-28T04:01:11.687Z,XBTUSD,Sell,100,29245.5,ZeroPlusTick,051025d7-2e67-fa3f-c6d6-e756365ed6b8,341933,0.00341933,100.0,Regular
2023-07-28T04:01:11.697Z,XBTUSD,Sell,7700,29245.5,ZeroPlusTick,6bfa1243-ffb6-0a25-772e-f0f67341545d,26328841,0.26328841,7700.0,Regular
2023-07-28T04:01:11.697Z,XBTUSD,Sell,400,29245.5,ZeroPlusTick,b3f2c012-e9db-66e5-78b1-6981e68178a5,1367732,0.01367732,400.0,Regular
2023-07-28T04:01:11.697Z,XBTUSD,Sell,100,29245.5,ZeroPlusTick,9eac38a7-0d49-4f73-7991-bb19e09fbffe,341933,0.00341933,100.0,Regular
2023-07-28T04:01:11.697Z,XBTUSD,Sell,200,29245.5,ZeroPlusTick,f45ddafa-2940-1d13-9e5c-67b4ff3607f9,683866,0.00683866,200.0,Regular
2023-07-28T04:01:11.697Z,XBTUSD,Sell,600,29245.5,ZeroPlusTick,2003a279-1bc9-ec8f-4b3b-690cac404178,2051598,0.02051598,600.0,Regular
2023-07-28T04:01:11.697Z,XBTUSD,Sell,200,29245.5,ZeroPlusTick,094ea9e9-93ea-262a-5e95-652dcda13486,683866,0.00683866,200.0,Regular
2023-07-28T04:01:13.118Z,XBTUSD,Sell,30800,29242.5,MinusTick,c1252a8d-34b1-92a9-9ea2-83fc0b3662a1,105326144,1.05326144,30800.0,Regular
2023-07-28T04:01:14.028Z,XBTUSD,Sell,100,29239.5,MinusTick,0cb1f4b5-76d1-a74d-80e9-23308731299a,342003,0.00342003,100.0,Regular
2023-07-28T04:01:15.406Z,XBTUSD,Buy,100,29239.5,ZeroMinusTick,c22ef637-a0d5-a5bd-d78e-3eb8dca768dc,342003,0.00342003,100.0,Regular
2023-07-28T04:01:24.930Z,XBTUSD,Sell,6700,29237.5,MinusTick,0cef5f50-8b41-0cae-18bf-42508059406d,22915809,0.22915809,6700.0,Regular
2023-07-28T04:01:24.930Z,XBTUSD,Sell,5800,29237.5,ZeroMinusTick,7c2c86fc-55e7-9630-c794-f9dbb9278964,19837566,0.19837566,5800.0,Regular
2023-07-28T04:01:24.930Z,XBTUSD,Sell,1900,29237.5,ZeroMinusTick,ad2847c8-f90e-d54d-fcce-572ddc9a97b4,6498513,0.06498513,1900.0,Regular
2023-07-28T04:01:24.930Z,XBTUSD,Sell,200,29237.5,ZeroMinusTick,99c5821b-58c0-31ce-c561-9d3164a0b51d,684054,0.00684054,200.0,Regular
2023-07-28T04:01:50.169Z,XBTUSD,Sell,5000,29232.0,MinusTick,94d84559-162f-97d6-5cf6-4a26ae3167cd,17104550,0.1710455,5000.0,Regular
2023-07-28T04:02:46.312Z,XBTUSD,Sell,100,29232.0,ZeroMinusTick,4b928ea5-dc3a-d547-eeb4-c1a38aaeaee2,342091,0.00342091,100.0,Regular
2023-07-28T04:02:46.313Z,XBTUSD,Sell,700,29232.0,ZeroMinusTick,b3cd8bce-3d4b-ad0e-8f69-78c95a2b7f2a,2394637,0.02394637,700.0,Regular
2023-07-28T04:02:46.313Z,XBTUSD,Sell,6700,29232.0,ZeroMinusTick,1e45bd4f-48d9-7e1c-7ba9-a9bc1dd46381,22920097,0.22920097,6700.0,Regular
2023-07-28T04:02:46.313Z,XBTUSD,Sell,200,29232.0,ZeroMinusTick,9c65072c-02a3-dc47-8898-12524507ebf1,684182,0.00684182,200.0,Regular
2023-07-28T04:02:46.313Z,XBTUSD,Sell,100,29232.0,ZeroMinusTick,754dae97-8f34-d59e-f69b-ed4a4f0fce64,342091,0.00342091,100.0,Regular
2023-07-28T04:02:46.313Z,XBTUSD,Sell,100,29231.5,MinusTick,868dc262-14e2-6fda-1e45-3c3f780bd42a,342097,0.00342097,100.0,Regular
2023-07-28T04:02:46.313Z,XBTUSD,Sell,3300,29228.5,MinusTick,7c78a0f4-e691-c86d-f79c-061142bf6499,11290356,0.11290356,3300.0,Regular
2023-07-28T04:02:46.313Z,XBTUSD,Sell,3300,29228.0,MinusTick,bcfb9e33-4747-5562-54f5-fb41d3b56b77,11290554,0.11290554,3300.0,Regular
2023-07-28T04:02:46.313Z,XBTUSD,Sell,3300,29227.5,MinusTick,51c71b50-40a1-704e-be1a-2059aa7b5fba,11290752,0.11290752,3300.0,Regular
2023-07-28T04:02:46.313Z,XBTUSD,Sell,3300,29227.0,MinusTick,78283d13-7797-279d-4dea-d96fa96fa748,11290917,0.11290917,3300.0,Regular
2023-07-28T04:02:46.334Z,XBTUSD,Sell,3300,29226.5,MinusTick,61b1e71f-4c13-8448-7800-2310cdfa4377,11291115,0.11291115,3300.0,Regular
2023-07-28T04:03:00.010Z,XBTUSD,Buy,300,29226.0,MinusTick,707a8d19-c423-98ec-e1e6-c19822b69fbc,1026483,0.01026483,300.0,Regular
2023-07-28T04:03:00.010Z,XBTUSD,Buy,2300,29226.0,ZeroMinusTick,09766223-d68a-990d-4b07-b7b792efba51,7869703,0.07869703,2300.0,Regular
2023-07-28T04:03:24.363Z,XBTUSD,Sell,100,29225.5,MinusTick,d7b4e358-768e-7b40-8bfa-97d490744e46,342167,0.00342167,100.0,Regular
2023-07-28T04:03:24.363Z,XBTUSD,Sell,100,29225.5,ZeroMinusTick,d011ea2d-0491-a39c-246e-c108146b857f,342167,0.00342167,100.0,Regular
2023-07-28T04:03:24.363Z,XBTUSD,Sell,5800,29225.5,ZeroMinusTick,800c7d22-6905-34bd-3f6a-c8ed2c6fc271,19845686,0.19845686,5800.0,Regular
2023-07-28T04:03:24.363Z,XBTUSD,Sell,6600,29225.5,ZeroMinusTick,eee2b44e-e81c-00c8-d4b6-653430223fbe,22583022,0.22583022,6600.0,Regular
2023-07-28T04:03:24.363Z,XBTUSD,Sell,300,29225.5,ZeroMinusTick,37016595-9474-be81-95e6-346b94ec8481,1026501,0.01026501,300.0,Regular
2023-07-28T04:03:24.363Z,XBTUSD,Sell,9600,29225.5,ZeroMinusTick,94a59d9b-3a77-746c-9a4b-5c13dfdceaed,32848032,0.32848032,9600.0,Regular
2023-07-28T04:03:46.893Z,XBTUSD,Sell,100,29223.5,MinusTick,e1cd768e-3318-15e4-7cba-f9ac6535ca82,342190,0.0034219,100.0,Regular
2023-07-28T04:03:46.893Z,XBTUSD,Sell,27100,29223.5,ZeroMinusTick,c8806da6-2afd-7cdc-7ebc-bd8ce8a0e585,92733490,0.9273349,27100.0,Regular
2023-07-28T04:03:46.893Z,XBTUSD,Sell,34600,29223.5,ZeroMinusTick,45ec510a-c1df-c116-34f3-fbeab475c89d,118397740,1.1839774,34600.0,Regular
2023-07-28T04:03:54.514Z,XBTUSD,Sell,2100,29221.5,MinusTick,6a40db2e-fd2c-04b2-c14e-125eab6ecd19,7186494,0.07186494,2100.0,Regular
2023-07-28T04:03:54.514Z,XBTUSD,Sell,7900,29221.5,ZeroMinusTick,116d261a-b5d9-2428-84a4-84c50bbdc859,27034906,0.27034906,7900.0,Regular
2023-07-28T04:04:27.278Z,XBTUSD,Sell,2600,29221.0,MinusTick,57e2ecc1-c4b6-41c0-6af3-0dd8523fc859,8897720,0.0889772,2600.0,Regular
2023-07-28T04:04:27.278Z,XBTUSD,Sell,25400,29221.0,ZeroMinusTick,7b78e8cc-d459-cdbd-572b-ab9cdc6d34dd,86923880,0.8692388,25400.0,Regular
2023-07-28T04:05:04.823Z,XBTUSD,Sell,100,29220.0,MinusTick,ac12d721-5313-422f-11c1-29959e007958,342231,0.00342231,100.0,Regular
2023-07-28T04:05:04.823Z,XBTUSD,Sell,19600,29220.0,ZeroMinusTick,679ac5ad-5b6a-b547-d848-439bb6f0ee86,67077276,0.67077276,19600.0,Regular
2023-07-28T04:05:20.173Z,XBTUSD,Sell,22100,29218.0,MinusTick,f150048b-0047-84a4-3b46-8f08f027754f,75638355,0.75638355,22100.0,Regular
2023-07-28T04:05:58.282Z,XBTUSD,Sell,1100,29218.0,ZeroMinusTick,be7b60d4-b4e1-c18f-3ce2-f6fdbd58fdda,3764805,0.03764805,1100.0,Regular
2023-07-28T04:05:58.282Z,XBTUSD,Sell,15600,29218.0,ZeroMinusTick,33a707b1-4f4a-6707-9c00-1c5d29eda9f4,53391780,0.5339178,15600.0,Regular
2023-07-28T04:05:58.282Z,XBTUSD,Sell,200,29218.0,ZeroMinusTick,fa52d69d-438b-c9a6-baed-7ad15f4c1fe9,684510,0.0068451,200.0,Regular
2023-07-28T04:05:58.282Z,XBTUSD,Sell,500,29218.0,ZeroMinusTick,fb18e183-6a85-ca2a-fcb3-3f77644bfa70,1711275,0.01711275,500.0,Regular
2023-07-28T04:05:58.282Z,XBTUSD,Sell,6100,29218.0,ZeroMinusTick,af18ce39-65a5-39d5-5754-fca49d52a3e3,20877555,0.20877555,6100.0,Regular
2023-07-28T04:05:58.282Z,XBTUSD,Sell,9900,29218.0,ZeroMinusTick,3ad6ec6a-d0e4-351b-d69b-0e35b87517b2,33883245,0.33883245,9900.0,Regular
2023-07-28T04:05:58.282Z,XBTUSD,Sell,900,29218.0,ZeroMinusTick,4d445c19-6586-328b-52b0-d04589aad5f0,3080295,0.03080295,900.0,Regular
2023-07-28T04:05:58.282Z,XBTUSD,Sell,2400,29218.0,ZeroMinusTick,3df1bebe-e63f-c8a3-221e-a1182dc86d06,8214120,0.0821412,2400.0,Regular
2023-07-28T04:05:58.282Z,XBTUSD,Sell,700,29218.0,ZeroMinusTick,56e49a00-da15-cae2-d7ae-30a530739e40,2395785,0.02395785,700.0,Regular
2023-07-28T04:05:58.282Z,XBTUSD,Sell,12600,29218.0,ZeroMinusTick,054ffdbd-332f-3861-a4c7-24cb36489bc8,43124130,0.4312413,12600.0,Regular
2023-07-28T04:06:57.769Z,XBTUSD,Sell,2100,29218.0,ZeroMinusTick,bbd3cbf2-056d-b34f-b7a9-61e92131be75,7187355,0.07187355,2100.0,Regular
2023-07-28T04:06:57.896Z,XBTUSD,Sell,2100,29218.0,ZeroMinusTick,08f8e9e7-02d6-4768-bfb0-f13777b0acbc,7187355,0.07187355,2100.0,Regular
2023-07-28T04:07:00.197Z,XBTUSD,Sell,2100,29218.0,ZeroMinusTick,660f2d0e-f6cf-223f-1a45-f10c3eed7602,7187355,0.07187355,2100.0,Regular
2023-07-28T04:07:00.913Z,XBTUSD,Sell,500,29218.0,ZeroMinusTick,7902d29e-09e2-cc6c-7d19-43b92563dae9,1711275,0.01711275,500.0,Regular
2023-07-28T04:07:09.901Z,XBTUSD,Sell,1100,29218.0,ZeroMinusTick,22e66d26-2d65-289a-452b-15d05a7f927f,3764805,0.03764805,1100.0,Regular
2023-07-28T04:07:09.901Z,XBTUSD,Sell,3900,29218.0,ZeroMinusTick,027443e8-9aef-713b-fc1b-5e748fe816bc,13347945,0.13347945,3900.0,Regular
2023-07-28T04:07:31.407Z,XBTUSD,Buy,27200,29218.5,PlusTick,79b18f0e-5d9d-96f0-cecb-bc15982fd331,93091728,0.93091728,27200.0,Regular
2023-07-28T04:07:31.407Z,XBTUSD,Buy,2800,29218.5,ZeroPlusTick,7aa7ce2b-32bf-99f3-9f99-761233b0d07b,9582972,0.09582972,2800.0,Regular
2023-07-28T04:07:41.448Z,XBTUSD,Buy,80200,29218.5,ZeroPlusTick,42716855-96b2-c7a1-fbf1-cc7a7c71ee78,274483698,2.74483698,80200.0,Regular
2023-07-28T04:07:41.448Z,XBTUSD,Buy,200,29218.5,ZeroPlusTick,36a1e3be-0b44-523f-b771-5084e0a58868,684498,0.00684498,200.0,Regular
2023-07-28T04:07:41.448Z,XBTUSD,Buy,13400,29218.5,ZeroPlusTick,3b356baa-fff1-da50-4e68-8c29d72e08f8,45861366,0.45861366,13400.0,Regular
2023-07-28T04:07:41.448Z,XBTUSD,Buy,300,29218.5,ZeroPlusTick,d689b752-bda3-f968-ebfe-ca4c6818115a,1026747,0.01026747,300.0,Regular
2023-07-28T04:07:41.448Z,XBTUSD,Buy,11900,29218.5,ZeroPlusTick,84564aac-f427-287d-034c-9836e99df22a,40727631,0.40727631,11900.0,Regular
2023-07-28T04:07:41.448Z,XBTUSD,Buy,1300,29218.5,ZeroPlusTick,b0230edc-5f72-f739-7dc1-713279c40c61,4449237,0.04449237,1300.0,Regular
2023-07-28T04:07:41.448Z,XBTUSD,Buy,100,29218.5,ZeroPlusTick,f4b060aa-363a-1e18-7a25-6a241d22159d,342249,0.00342249,100.0,Regular
2023-07-28T04:07:41.448Z,XBTUSD,Buy,84800,29218.5,ZeroPlusTick,5ba12752-ce57-9bfa-b1f0-ea276db5588c,290227152,2.90227152,84800.0,Regular
2023-07-28T04:08:06.960Z,XBTUSD,Buy,46500,29218.5,ZeroPlusTick,2bef1440-2a88-a90a-d04a-77936666d271,159145785,1.59145785,46500.0,Regular
2023-07-28T04:08:06.962Z,XBTUSD,Buy,1600,29218.5,ZeroPlusTick,166eafea-4ca5-50ff-fc8d-323c26748860,5475984,0.05475984,1600.0,Regular
2023-07-28T04:08:06.962Z,XBTUSD,Buy,17200,29218.5,ZeroPlusTick,dfd6bd39-963f-f934-e41d-b3eab7c04c11,58866828,0.58866828,17200.0,Regular
2023-07-28T04:08:06.962Z,XBTUSD,Buy,3300,29218.5,ZeroPlusTick,654b915c-7e62-3b91-1550-6af59ddf669a,11294217,0.11294217,3300.0,Regular
2023-07-28T04:08:15.652Z,XBTUSD,Buy,3100,29218.5,ZeroPlusTick,0df69ada-0e7e-9dac-f47b-b597df969c6a,10609719,0.10609719,3100.0,Regular
2023-07-28T04:08:15.652Z,XBTUSD,Buy,1100,29218.5,ZeroPlusTick,bb4190cf-e0d5-335e-0d28-01c8ce4c8ccd,3764739,0.03764739,1100.0,Regular
2023-07-28T04:08:15.652Z,XBTUSD,Buy,16500,29218.5,ZeroPlusTick,605f3e7f-1823-6184-b2a1-9023433dbde0,56471085,0.56471085,16500.0,Regular
2023-07-28T04:08:15.652Z,XBTUSD,Buy,100,29218.5,ZeroPlusTick,59a39491-a372-7a74-cd91-29b88cbd85da,342249,0.00342249,100.0,Regular
2023-07-28T04:08:15.652Z,XBTUSD,Buy,1000,29218.5,ZeroPlusTick,cbab6fd8-7f65-cbb0-dfa0-5a2d905ba59d,3422490,0.0342249,1000.0,Regular
2023-07-28T04:08:15.652Z,XBTUSD,Buy,100,29218.5,ZeroPlusTick,2f294292-d6d1-ff75-2f22-182852c26834,342249,0.00342249,100.0,Regular
2023-07-28T04:08:15.652Z,XBTUSD,Buy,100,29218.5,ZeroPlusTick,032f4615-4fb8-4637-993f-b6176fe8d438,342249,0.00342249,100.0,Regular
2023-07-28T04:08:15.652Z,XBTUSD,Buy,100,29218.5,ZeroPlusTick,270e549c-0756-827e-13d0-815b904f465f,342249,0.00342249,100.0,Regular
2023-07-28T04:08:15.652Z,XBTUSD,Buy,3300,29218.5,ZeroPlusTick,267654a7-ba65-3217-93c6-e601e05b6c34,11294217,0.11294217,3300.0,Regular
2023-07-28T04:08:15.652Z,XBTUSD,Buy,23500,29218.5,ZeroPlusTick,8a2c5e41-5cc0-20cd-fb50-ff4645254d02,80428515,0.80428515,23500.0,Regular
2023-07-28T04:08:15.652Z,XBTUSD,Buy,4400,29218.5,ZeroPlusTick,ce99a269-9c6e-be74-fe62-84fdc181fe7c,15058956,0.15058956,4400.0,Regular
2023-07-28T04:08:15.652Z,XBTUSD,Buy,800,29218.5,ZeroPlusTick,806d30b3-a35b-32c5-0353-96661bdcc3e2,2737992,0.02737992,800.0,Regular
2023-07-28T04:08:15.687Z,XBTUSD,Buy,100,29219.0,PlusTick,5ca67648-8c42-27a0-7141-dfc8976bce2d,342243,0.00342243,100.0,Regular
2023-07-28T04:08:15.687Z,XBTUSD,Buy,5800,29219.0,ZeroPlusTick,29fbce1a-5cd0-55f8-bb89-fbb9aa650804,19850094,0.19850094,5800.0,Regular
2023-07-28T04:08:15.687Z,XBTUSD,Buy,400,29220.0,PlusTick,f4663290-2c00-c846-0732-5fd93c8ce4bf,1368924,0.01368924,400.0,Regular
2023-07-28T04:08:37.052Z,XBTUSD,Buy,400,29222.0,PlusTick,6723b17b-9f45-2782-6945-c597ef793859,1368832,0.01368832,400.0,Regular
2023-07-28T04:08:37.052Z,XBTUSD,Buy,1000,29222.0,ZeroPlusTick,c087956d-7d0d-71f4-598a-29108495b53a,3422080,0.0342208,1000.0,Regular
2023-07-28T04:08:37.052Z,XBTUSD,Buy,1100,29222.0,ZeroPlusTick,3ff75bed-c0a6-70ab-e8df-d4d64c96a9bd,3764288,0.03764288,1100.0,Regular
2023-07-28T04:08:37.052Z,XBTUSD,Buy,12800,29222.0,ZeroPlusTick,3ffd8053-f786-7daa-befc-5f6c71142343,43802624,0.43802624,12800.0,Regular
2023-07-28T04:08:38.772Z,XBTUSD,Buy,5100,29222.0,ZeroPlusTick,181978c4-ce6a-fc2f-44bb-30dd953ac1d3,17452608,0.17452608,5100.0,Regular
2023-07-28T04:08:38.772Z,XBTUSD,Buy,100,29222.0,ZeroPlusTick,ff3feee6-c7c9-110f-c389-3e405b96ee41,342208,0.00342208,100.0,Regular
2023-07-28T04:08:38.775Z,XBTUSD,Buy,4200,29222.0,ZeroPlusTick,f4fef442-49a9-45c7-d622-11b15f9561a0,14372736,0.14372736,4200.0,Regular
2023-07-28T04:08:38.775Z,XBTUSD,Buy,300,29222.0,ZeroPlusTick,41b1abbb-5653-9b83-8fbf-7094930d2d2c,1026624,0.01026624,300.0,Regular
2023-07-28T04:08:38.775Z,XBTUSD,Buy,200,29222.0,ZeroPlusTick,8da431c2-cafd-044f-51b8-2f160405dab5,684416,0.00684416,200.0,Regular
2023-07-28T04:08:38.775Z,XBTUSD,Buy,100,29222.0,ZeroPlusTick,e0dbed42-60f7-ca29-63ca-9be9e1942518,342208,0.00342208,100.0,Regular
2023-07-28T04:09:00.011Z,XBTUSD,Sell,200,29223.5,PlusTick,093a6575-39d1-f652-c007-1fa9772583fc,684380,0.0068438,200.0,Regular
2023-07-28T04:09:00.011Z,XBTUSD,Sell,1300,29223.5,ZeroPlusTick,514121a1-9a99-fa34-102e-6fb530ef69f8,4448470,0.0444847,1300.0,Regular
2023-07-28T04:09:00.040Z,XBTUSD,Sell,5900,29223.5,ZeroPlusTick,f0ca9e9b-9c28-5938-7d90-4a8437602302,20189210,0.2018921,5900.0,Regular
2023-07-28T04:09:00.040Z,XBTUSD,Sell,3700,29223.5,ZeroPlusTick,df42fbda-1dfa-2702-6d29-864dc2042d2d,12661030,0.1266103,3700.0,Regular
2023-07-28T04:09:00.040Z,XBTUSD,Sell,500,29223.5,ZeroPlusTick,01943003-9e87-2c68-06be-d87b1f2b5b86,1710950,0.0171095,500.0,Regular
2023-07-28T04:09:00.040Z,XBTUSD,Sell,100,29223.5,ZeroPlusTick,e1272f91-2808-1148-7487-df707d0e1ee4,342190,0.0034219,100.0,Regular
2023-07-28T04:09:00.040Z,XBTUSD,Sell,11600,29223.5,ZeroPlusTick,44daf9af-3ad1-cfbd-127a-2bad174bb5a1,39694040,0.3969404,11600.0,Regular
2023-07-28T04:09:00.040Z,XBTUSD,Sell,9700,29223.5,ZeroPlusTick,b7e2ec84-cff7-04a0-f448-9f2c50c87b17,33192430,0.3319243,9700.0,Regular
2023-07-28T04:09:00.040Z,XBTUSD,Sell,2100,29223.5,ZeroPlusTick,098d9fea-d4bf-75b8-fc10-56fc706b5347,7185990,0.0718599,2100.0,Regular
2023-07-28T04:09:07.377Z,XBTUSD,Buy,100,29221.5,MinusTick,5ad723e8-1115-5a01-7676-ddb0a94e68db,342214,0.00342214,100.0,Regular
2023-07-28T04:09:16.655Z,XBTUSD,Buy,100,29221.5,ZeroMinusTick,17a584a6-7209-80f7-f84c-6ee118e0bbe1,342214,0.00342214,100.0,Regular
2023-07-28T04:09:28.940Z,XBTUSD,Buy,800,29221.5,ZeroMinusTick,7ad5c29d-8847-8547-22c5-8b7e45fa5b3f,2737712,0.02737712,800.0,Regular
2023-07-28T04:09:29.133Z,XBTUSD,Buy,100,29221.5,ZeroMinusTick,954902a1-f6d0-828c-15a5-251cf48d70aa,342214,0.00342214,100.0,Regular
2023-07-28T04:09:29.133Z,XBTUSD,Buy,700,29221.5,ZeroMinusTick,9741d0f7-2df0-7404-136e-5f9fe7d97ad0,2395498,0.02395498,700.0,Regular
2023-07-28T04:09:30.559Z,XBTUSD,Buy,300,29221.5,ZeroMinusTick,5f61b234-6483-a8c5-fe81-a1af76378808,1026642,0.01026642,300.0,Regular
2023-07-28T04:09:30.559Z,XBTUSD,Buy,500,29221.5,ZeroMinusTick,94bcdb62-7b75-a3c0-3b8c-9eeab4147887,1711070,0.0171107,500.0,Regular
2023-07-28T04:09:32.422Z,XBTUSD,Buy,100,29221.5,ZeroMinusTick,2210cbe0-a293-d9ef-0e73-cfeeecf033ea,342214,0.00342214,100.0,Regular
2023-07-28T04:09:41.183Z,XBTUSD,Buy,100,29221.5,ZeroMinusTick,6789edff-3636-9379-9dda-a91df34de67e,342214,0.00342214,100.0,Regular
2023-07-28T04:09:51.387Z,XBTUSD,Buy,100,29221.5,ZeroMinusTick,8ecd9b77-9f2a-9073-2504-88a94575f849,342214,0.00342214,100.0,Regular
2023-07-28T04:10:08.606Z,XBTUSD,Buy,200,29221.5,ZeroMinusTick,94e3e9a0-7ed2-6120-e179-8e3220d682ae,684428,0.00684428,200.0,Regular
2023-07-28T04:10:08.606Z,XBTUSD,Buy,300,29221.5,ZeroMinusTick,79cbd6cf-9fe6-3601-92c3-6454f748b3dd,1026642,0.01026642,300.0,Regular
2023-07-28T04:10:08.606Z,XBTUSD,Buy,100,29221.5,ZeroMinusTick,e78c05ce-3a46-1ccd-d3f4-b35439471fe1,342214,0.00342214,100.0,Regular
2023-07-28T04:10:08.606Z,XBTUSD,Buy,6000,29221.5,ZeroMinusTick,0e1b7ef5-f05b-ab0f-6e62-9f27a0ef0eb9,20532840,0.2053284,6000.0,Regular
2023-07-28T04:10:12.335Z,XBTUSD,Buy,100,29221.5,ZeroMinusTick,0736284d-20d4-0c96-d618-727623816609,342214,0.00342214,100.0,Regular
2023-07-28T04:11:09.483Z,XBTUSD,Sell,4700,29221.0,MinusTick,eeeddac5-49b0-f91e-294e-bd333bd3fe99,16084340,0.1608434,4700.0,Regular
2023-07-28T04:11:09.483Z,XBTUSD,Sell,2400,29221.0,ZeroMinusTick,e7395d26-347c-0363-2718-df614d5851cc,8213280,0.0821328,2400.0,Regular
2023-07-28T04:11:09.483Z,XBTUSD,Sell,53700,29221.0,ZeroMinusTick,b2ac6e94-e0bb-5f34-6e25-b23efaf98df4,183772140,1.8377214,53700.0,Regular
2023-07-28T04:11:09.483Z,XBTUSD,Sell,900,29221.0,ZeroMinusTick,678432c1-d8ce-75e7-ddd7-f82bdf1b490b,3079980,0.0307998,900.0,Regular
2023-07-28T04:11:09.483Z,XBTUSD,Sell,100,29221.0,ZeroMinusTick,faeabfc9-c7d1-b435-b938-a2b86e89bdf8,342220,0.0034222,100.0,Regular
2023-07-28T04:11:09.483Z,XBTUSD,Sell,500,29221.0,ZeroMinusTick,f415abbd-ffb9-7387-b7df-29a9452639be,1711100,0.017111,500.0,Regular
2023-07-28T04:11:09.483Z,XBTUSD,Sell,500,29221.0,ZeroMinusTick,0211cd74-23e7-63a3-9bd1-7ef5eb21d8ec,1711100,0.017111,500.0,Regular
2023-07-28T04:11:09.483Z,XBTUSD,Sell,8000,29221.0,ZeroMinusTick,0215132f-f125-6684-15c7-64c8fbfeb3bb,27377600,0.273776,8000.0,Regular
2023-07-28T04:11:09.483Z,XBTUSD,Sell,4000,29221.0,ZeroMinusTick,1d87751d-186d-df4e-9ccc-15dab6b61a6f,13688800,0.136888,4000.0,Regular
2023-07-28T04:11:09.483Z,XBTUSD,Sell,300,29221.0,ZeroMinusTick,1215afac-cfb3-7382-79d0-9492326d4aa8,1026660,0.0102666,300.0,Regular
2023-07-28T04:11:09.483Z,XBTUSD,Sell,100,29221.0,ZeroMinusTick,e20409f9-9e70-9f93-b766-b2881e424884,342220,0.0034222,100.0,Regular
2023-07-28T04:11:09.483Z,XBTUSD,Sell,19000,29221.0,ZeroMinusTick,96f9a40e-0815-e38b-0d07-5d18d7c70e9d,65021800,0.650218,19000.0,Regular
2023-07-28T04:11:09.483Z,XBTUSD,Sell,41500,29221.0,ZeroMinusTick,1f3f7c58-936a-7463-4691-7e3c25a7c8e7,142021300,1.420213,41500.0,Regular
2023-07-28T04:11:09.483Z,XBTUSD,Sell,100,29221.0,ZeroMinusTick,768127b3-c8e6-beed-0ef2-fdc7c2b7e1dc,342220,0.0034222,100.0,Regular
2023-07-28T04:11:09.483Z,XBTUSD,Sell,400,29221.0,ZeroMinusTick,1bbb1999-e80c-da57-e4ab-c7fecb122da1,1368880,0.0136888,400.0,Regular
2023-07-28T04:11:09.483Z,XBTUSD,Sell,300,29221.0,ZeroMinusTick,a6902dfb-099d-60b0-8ab0-10e541120e57,1026660,0.0102666,300.0,Regular
2023-07-28T04:11:09.483Z,XBTUSD,Sell,2600,29221.0,ZeroMinusTick,cdaaf515-1373-9902-d956-242d6b993bc5,8897720,0.0889772,2600.0,Regular
2023-07-28T04:11:09.483Z,XBTUSD,Sell,100,29221.0,ZeroMinusTick,4a4ba92e-43ed-93a2-9d8b-9d783ad01a24,342220,0.0034222,100.0,Regular
2023-07-28T04:11:09.483Z,XBTUSD,Sell,7200,29221.0,ZeroMinusTick,7814b4b2-b16e-31a0-ef02-e7a817631c91,24639840,0.2463984,7200.0,Regular
2023-07-28T04:11:09.483Z,XBTUSD,Sell,14500,29221.0,ZeroMinusTick,fe41c3a3-972e-d62c-50eb-2720cb754a39,49621900,0.496219,14500.0,Regular
2023-07-28T04:11:40.145Z,XBTUSD,Sell,100,29218.0,MinusTick,b0fec13b-75b9-491b-8338-a662e0ad7ae5,342255,0.00342255,100.0,Regular
2023-07-28T04:11:40.145Z,XBTUSD,Sell,100,29218.0,ZeroMinusTick,85a5aff6-5147-391f-c69c-89697635ce6a,342255,0.00342255,100.0,Regular
2023-07-28T04:11:40.145Z,XBTUSD,Sell,600,29218.0,ZeroMinusTick,ef2306ea-5fa3-b598-8e11-40f63f7d6456,2053530,0.0205353,600.0,Regular
2023-07-28T04:11:40.145Z,XBTUSD,Sell,6200,29218.0,ZeroMinusTick,8262ed39-0677-f142-eef0-8625107fb9e9,21219810,0.2121981,6200.0,Regular
2023-07-28T04:11:40.145Z,XBTUSD,Sell,4400,29218.0,ZeroMinusTick,2c570b02-a668-5b8a-d12f-7af00e341590,15059220,0.1505922,4400.0,Regular
2023-07-28T04:11:40.145Z,XBTUSD,Sell,9500,29218.0,ZeroMinusTick,82254470-ec52-2b9d-0d7c-f7e5d668f79a,32514225,0.32514225,9500.0,Regular
2023-07-28T04:11:40.145Z,XBTUSD,Sell,100,29218.0,ZeroMinusTick,f2680801-6b14-b343-43c0-00758b6c3023,342255,0.00342255,100.0,Regular
2023-07-28T04:11:40.145Z,XBTUSD,Sell,800,29218.0,ZeroMinusTick,3e22b0b0-30c5-098c-67c8-5ce35800ba4f,2738040,0.0273804,800.0,Regular
2023-07-28T04:11:40.145Z,XBTUSD,Sell,23800,29218.0,ZeroMinusTick,8b628bd3-88cd-fc20-9085-b1be735534d9,81456690,0.8145669,23800.0,Regular
2023-07-28T04:11:40.145Z,XBTUSD,Sell,500,29218.0,ZeroMinusTick,9f4ae5c1-28e3-73d1-fe00-8b05c4012aec,1711275,0.01711275,500.0,Regular
2023-07-28T04:12:02.792Z,XBTUSD,Sell,100,29217.0,MinusTick,c475ded2-3587-f19e-e8de-cc37a23d55fc,342266,0.00342266,100.0,Regular
2023-07-28T04:12:02.792Z,XBTUSD,Sell,100,29217.0,ZeroMinusTick,d9cb566e-bd1a-9d2f-0d41-a31568e9b7aa,342266,0.00342266,100.0,Regular
2023-07-28T04:12:02.792Z,XBTUSD,Sell,200,29217.0,ZeroMinusTick,5d724301-2b6b-c894-d95e-be863f17db77,684532,0.00684532,200.0,Regular
2023-07-28T04:12:02.792Z,XBTUSD,Sell,1100,29217.0,ZeroMinusTick,bd97d5a4-721f-f9ae-4d29-1c31b3fe3047,3764926,0.03764926,1100.0,Regular
2023-07-28T04:12:02.792Z,XBTUSD,Sell,200,29217.0,ZeroMinusTick,4795644e-2456-2c8f-40ec-44a5a86ba759,684532,0.00684532,200.0,Regular
2023-07-28T04:12:02.792Z,XBTUSD,Sell,5900,29217.0,ZeroMinusTick,63d5b912-81de-74f0-eb08-23ea8d48fe3f,20193694,0.20193694,5900.0,Regular
2023-07-28T04:12:02.792Z,XBTUSD,Sell,4400,29217.0,ZeroMinusTick,833c42a3-ddce-2b3a-ae23-bb6731f383dc,15059704,0.15059704,4400.0,Regular
2023-07-28T04:12:47.368Z,XBTUSD,Sell,17000,29217.0,ZeroMinusTick,790a2ee5-c36e-ae32-d0f1-a62a6b8fadfa,58185220,0.5818522,17000.0,Regular
2023-07-28T04:12:47.368Z,XBTUSD,Sell,42100,29217.0,ZeroMinusTick,da550339-8497-a39f-d488-044adde3b1f5,144093986,1.44093986,42100.0,Regular
2023-07-28T04:12:47.371Z,XBTUSD,Sell,17000,29217.0,ZeroMinusTick,5229a225-ec8c-12f4-199d-9c508414aa59,58185220,0.5818522,17000.0,Regular
2023-07-28T04:12:47.371Z,XBTUSD,Sell,900,29217.0,ZeroMinusTick,66ac3394-82c9-7fab-f9b3-b01a288bee52,3080394,0.03080394,900.0,Regular
2023-07-28T04:12:47.371Z,XBTUSD,Sell,500,29217.0,ZeroMinusTick,ee9dacf2-9894-5377-e02a-ef29d0ce57e6,1711330,0.0171133,500.0,Regular
2023-07-28T04:12:47.371Z,XBTUSD,Sell,2300,29217.0,ZeroMinusTick,c68c5681-ad5a-35ee-baca-b2cc074f619b,7872118,0.07872118,2300.0,Regular
2023-07-28T04:12:47.371Z,XBTUSD,Sell,9900,29217.0,ZeroMinusTick,ded341be-14ff-4ff0-7068-b96b0f8970c6,33884334,0.33884334,9900.0,Regular
2023-07-28T04:12:47.371Z,XBTUSD,Sell,6100,29217.0,ZeroMinusTick,5f0bb4a0-55ad-c499-af6b-0bac4bb04017,20878226,0.20878226,6100.0,Regular
2023-07-28T04:12:47.371Z,XBTUSD,Sell,1000,29217.0,ZeroMinusTick,03b74dea-5b33-b276-b420-2d535b7e6ab0,3422660,0.0342266,1000.0,Regular
2023-07-28T04:12:47.371Z,XBTUSD,Sell,1500,29217.0,ZeroMinusTick,6b67652a-24b6-f196-a7df-c39036c02065,5133990,0.0513399,1500.0,Regular
2023-07-28T04:12:47.371Z,XBTUSD,Sell,3200,29217.0,ZeroMinusTick,4d12c9cb-dbfa-7cde-764b-d073c61dd1fd,10952512,0.10952512,3200.0,Regular
2023-07-28T04:12:47.379Z,XBTUSD,Sell,3000,29217.0,ZeroMinusTick,740e4005-a558-12a6-88d5-5840d802c641,10267980,0.1026798,3000.0,Regular
2023-07-28T04:12:47.379Z,XBTUSD,Sell,400,29217.0,ZeroMinusTick,262e827e-a8d0-6c28-2c31-a99b0f9f1eff,1369064,0.01369064,400.0,Regular
2023-07-28T04:12:47.379Z,XBTUSD,Sell,2900,29217.0,ZeroMinusTick,31dc1cdb-ff60-652e-2a46-0753c4830b18,9925714,0.09925714,2900.0,Regular
2023-07-28T04:12:47.379Z,XBTUSD,Sell,100,29217.0,ZeroMinusTick,85d8593b-c02b-1175-7867-73b58431345e,342266,0.00342266,100.0,Regular
2023-07-28T04:13:14.247Z,XBTUSD,Sell,100,29214.0,MinusTick,0c789589-7702-4091-2970-dce07d432b4c,342302,0.00342302,100.0,Regular
2023-07-28T04:13:14.247Z,XBTUSD,Sell,400,29214.0,ZeroMinusTick,de637bec-e9fb-6a59-3d8a-e0d140265047,1369208,0.01369208,400.0,Regular
2023-07-28T04:13:27.616Z,XBTUSD,Sell,500,29214.0,ZeroMinusTick,247bd7ef-7a58-6dca-f223-00deed7f3080,1711510,0.0171151,500.0,Regular
2023-07-28T04:13:28.162Z,XBTUSD,Sell,1100,29214.0,ZeroMinusTick,6d8d18f7-3e2c-7cf0-38ee-3eeea6cd161f,3765322,0.03765322,1100.0,Regular
2023-07-28T04:13:28.162Z,XBTUSD,Sell,22100,29214.0,ZeroMinusTick,4de96ba6-8b2e-6c83-84cd-2c05085e2f29,75648742,0.75648742,22100.0,Regular
2023-07-28T04:13:28.162Z,XBTUSD,Sell,800,29214.0,ZeroMinusTick,f2ca3257-73b1-bdfa-ad1d-b458cdc4452f,2738416,0.02738416,800.0,Regular
2023-07-28T04:13:28.162Z,XBTUSD,Sell,100,29214.0,ZeroMinusTick,36965765-edea-599b-5161-ab00d6cfc5cd,342302,0.00342302,100.0,Regular
2023-07-28T04:13:28.162Z,XBTUSD,Sell,16300,29214.0,ZeroMinusTick,9a912d36-35d5-88fc-8d46-57329fd42324,55795226,0.55795226,16300.0,Regular
2023-07-28T04:13:28.162Z,XBTUSD,Sell,500,29214.0,ZeroMinusTick,10ffc19e-654f-8bc1-9eb3-90eb2e6b3d0b,1711510,0.0171151,500.0,Regular
2023-07-28T04:13:28.162Z,XBTUSD,Sell,6400,29214.0,ZeroMinusTick,b543e770-00c4-1645-9852-b6f555959e4e,21907328,0.21907328,6400.0,Regular
2023-07-28T04:13:28.201Z,XBTUSD,Sell,100,29211.0,MinusTick,de01b6f7-ca5e-8c70-a3db-2875f84ee5cc,342337,0.00342337,100.0,Regular
2023-07-28T04:13:28.201Z,XBTUSD,Sell,2600,29211.0,ZeroMinusTick,d3b9031c-a0d9-d0a0-09f5-1d0595449cc3,8900762,0.08900762,2600.0,Regular
2023-07-28T04:13:28.201Z,XBTUSD,Sell,3300,29210.0,MinusTick,dd6fdefd-e675-656e-99da-a2a63146b8b6,11297517,0.11297517,3300.0,Regular
2023-07-28T04:13:28.254Z,XBTUSD,Sell,4300,29211.0,PlusTick,5d06959a-e67c-265f-9fed-c9bdfddd1d1d,14720491,0.14720491,4300.0,Regular
2023-07-28T04:13:28.254Z,XBTUSD,Sell,2400,29210.5,MinusTick,53cef4ab-e868-80d7-2b71-7fc4403ca781,8216232,0.08216232,2400.0,Regular
2023-07-28T04:13:28.254Z,XBTUSD,Sell,5900,29210.0,MinusTick,1573578c-1cc5-d2c8-5b60-4ccd93347465,20198591,0.20198591,5900.0,Regular
2023-07-28T04:13:36.550Z,XBTUSD,Sell,500,29208.5,MinusTick,28a001e2-cd12-f898-0d1a-35bd3ab707c1,1711830,0.0171183,500.0,Regular
2023-07-28T04:14:55.574Z,XBTUSD,Buy,27100,29209.0,PlusTick,9c7441fa-8437-ff61-4791-c22e6fdfda84,92779560,0.9277956,27100.0,Regular
2023-07-28T04:14:55.574Z,XBTUSD,Buy,71700,29209.0,ZeroPlusTick,9654ca37-3eb0-cbcc-9b1e-bb4ed82239ee,245472120,2.4547212,71700.0,Regular
2023-07-28T04:14:55.574Z,XBTUSD,Buy,100,29209.0,ZeroPlusTick,e8fbcaf1-1132-3b52-8090-9872c035bbae,342360,0.0034236,100.0,Regular
2023-07-28T04:14:55.574Z,XBTUSD,Buy,600,29209.0,ZeroPlusTick,b073571b-c355-4089-b63e-ac5a6e74f83d,2054160,0.0205416,600.0,Regular
2023-07-28T04:14:55.574Z,XBTUSD,Buy,24400,29209.0,ZeroPlusTick,9987de1d-ca55-0343-5e30-143df0e80173,83535840,0.8353584,24400.0,Regular
2023-07-28T04:14:55.574Z,XBTUSD,Buy,55900,29209.0,ZeroPlusTick,4878dddd-7a86-8490-2983-4b03bf5749db,191379240,1.9137924,55900.0,Regular
2023-07-28T04:14:55.574Z,XBTUSD,Buy,3700,29209.0,ZeroPlusTick,b6c9cc02-f9e4-5f61-36db-8b61c383f068,12667320,0.1266732,3700.0,Regular
2023-07-28T04:14:55.574Z,XBTUSD,Buy,600,29209.0,ZeroPlusTick,25bb7641-c0bd-9874-66ff-4577fde712fd,2054160,0.0205416,600.0,Regular
2023-07-28T04:14:55.574Z,XBTUSD,Buy,500,29209.0,ZeroPlusTick,35f3a92f-47be-132b-fc22-ae75030baa3c,1711800,0.017118,500.0,Regular
2023-07-28T04:14:55.574Z,XBTUSD,Buy,1700,29209.0,ZeroPlusTick,8c4c1cc4-c636-b451-e656-7431eb1aabb6,5820120,0.0582012,1700.0,Regular
2023-07-28T04:14:55.574Z,XBTUSD,Buy,400,29209.0,ZeroPlusTick,4ec30838-c463-53e2-e4fa-a6a3a6dac1fe,1369440,0.0136944,400.0,Regular
2023-07-28T04:14:55.574Z,XBTUSD,Buy,600,29209.0,ZeroPlusTick,c8fc7969-8dea-56e2-7d1f-c5707c457a90,2054160,0.0205416,600.0,Regular
2023-07-28T04:14:55.574Z,XBTUSD,Buy,800,29209.0,ZeroPlusTick,66a7a721-f546-ff0e-8a58-93a99d7ac045,2738880,0.0273888,800.0,Regular
2023-07-28T04:14:55.574Z,XBTUSD,Buy,100,29209.0,ZeroPlusTick,615768fb-fdf5-00c5-0f25-d15a40f2da3e,342360,0.0034236,100.0,Regular
2023-07-28T04:14:55.574Z,XBTUSD,Buy,100,29209.0,ZeroPlusTick,2d3ea59a-99fe-2161-e376-c5bddd7e97dc,342360,0.0034236,100.0,Regular
2023-07-28T04:15:33.167Z,XBTUSD,Buy,48600,29211.5,PlusTick,0927f657-2bc5-ad9f-286a-93ffa7525ddd,166372866,1.66372866,48600.0,Regular
2023-07-28T04:15:33.171Z,XBTUSD,Buy,57900,29211.5,ZeroPlusTick,c1de0679-6571-7b19-be4a-b8e7856ed798,198209649,1.98209649,57900.0,Regular
2023-07-28T04:15:33.171Z,XBTUSD,Buy,20900,29211.5,ZeroPlusTick,17fce522-8a2f-2576-5ddc-dc581e58e174,71547179,0.71547179,20900.0,Regular
2023-07-28T04:15:33.181Z,XBTUSD,Buy,29800,29211.5,ZeroPlusTick,88b42585-75b7-50df-2584-ebe2f39b5bc0,102014638,1.02014638,29800.0,Regular
2023-07-28T04:15:33.187Z,XBTUSD,Buy,5200,29211.5,ZeroPlusTick,e6bd1bad-a850-fa8b-a858-306ba7baa645,17801212,0.17801212,5200.0,Regular
2023-07-28T04:15:33.187Z,XBTUSD,Buy,300,29211.5,ZeroPlusTick,89168d2d-14b4-1f26-70c4-692c7534925c,1026993,0.01026993,300.0,Regular
2023-07-28T04:15:33.187Z,XBTUSD,Buy,100,29211.5,ZeroPlusTick,8498ef30-a8cf-3fb6-63fe-714bf8c927e8,342331,0.00342331,100.0,Regular
2023-07-28T04:15:33.187Z,XBTUSD,Buy,300,29211.5,ZeroPlusTick,5e338d52-d9f8-caae-eb27-6b7fc9ff7cd5,1026993,0.01026993,300.0,Regular
2023-07-28T04:15:33.187Z,XBTUSD,Buy,300,29211.5,ZeroPlusTick,c6efbc97-2058-8974-db8b-c931a4ae2ebd,1026993,0.01026993,300.0,Regular
2023-07-28T04:15:33.187Z,XBTUSD,Buy,2200,29211.5,ZeroPlusTick,a991f393-c7ea-62c9-31f0-a70ccbb51992,7531282,0.07531282,2200.0,Regular
2023-07-28T04:15:33.187Z,XBTUSD,Buy,1200,29211.5,ZeroPlusTick,68936403-6eb2-6ef6-dcfe-07f5c1fde1fa,4107972,0.04107972,1200.0,Regular
2023-07-28T04:15:33.187Z,XBTUSD,Buy,400,29211.5,ZeroPlusTick,4f588100-6278-6f52-e182-d03f608dd05a,1369324,0.01369324,400.0,Regular
2023-07-28T04:15:33.187Z,XBTUSD,Buy,100,29212.0,PlusTick,f2914f63-74ee-a15e-5564-0e980eda1f73,342325,0.00342325,100.0,Regular
2023-07-28T04:15:33.187Z,XBTUSD,Buy,200,29213.0,PlusTick,ee137dfd-448a-3589-b9d2-bba5c9951977,684626,0.00684626,200.0,Regular
2023-07-28T04:15:33.187Z,XBTUSD,Buy,4300,29213.5,PlusTick,b0febe46-23e0-1d27-e3e2-cd827f36250c,14719201,0.14719201,4300.0,Regular
2023-07-28T04:15:33.187Z,XBTUSD,Buy,6200,29213.5,ZeroPlusTick,0100f614-4855-c0ff-8056-92f16c1f26c5,21223034,0.21223034,6200.0,Regular
2023-07-28T04:15:33.187Z,XBTUSD,Buy,5900,29214.0,PlusTick,8271dbc4-410d-095d-7d09-bda7b4280051,20195818,0.20195818,5900.0,Regular
2023-07-28T04:15:33.187Z,XBTUSD,Buy,100,29214.0,ZeroPlusTick,dbf29f97-9dd1-e8cd-c3b1-af498218ee1c,342302,0.00342302,100.0,Regular
2023-07-28T04:15:33.273Z,XBTUSD,Buy,200,29214.5,PlusTick,71697438-17de-4fe8-25ce-3fd88fc6e2a4,684592,0.00684592,200.0,Regular
2023-07-28T04:15:33.300Z,XBTUSD,Buy,200,29214.5,ZeroPlusTick,bc2a02d6-c6c7-7f06-9c9d-d0929e1ffa3a,684592,0.00684592,200.0,Regular
2023-07-28T04:15:37.350Z,XBTUSD,Buy,10000,29215.0,PlusTick,dc3af73e-70cd-a511-2ae3-32308cb176ee,34229000,0.34229,10000.0,Regular
2023-07-28T04:15:37.350Z,XBTUSD,Buy,23000,29215.0,ZeroPlusTick,24029549-04b4-a184-d659-8b1f51c8d46a,78726700,0.787267,23000.0,Regular
2023-07-28T04:15:37.355Z,XBTUSD,Buy,2100,29215.0,ZeroPlusTick,4a99c73c-dc4a-1839-dab6-210dafd4be12,7188090,0.0718809,2100.0,Regular
2023-07-28T04:15:37.357Z,XBTUSD,Buy,36800,29216.0,PlusTick,534b8e47-7665-2189-900d-e6f6deb8b0f1,125958304,1.25958304,36800.0,Regular
2023-07-28T04:15:37.373Z,XBTUSD,Buy,19100,29216.0,ZeroPlusTick,fb118f65-7065-fc28-f057-a6c8dc3634c3,65375098,0.65375098,19100.0,Regular
2023-07-28T04:15:37.500Z,XBTUSD,Buy,200,29216.0,ZeroPlusTick,5c7195ac-eccf-f1df-e2a0-33cbbb4b3e86,684556,0.00684556,200.0,Regular
2023-07-28T04:15:54.356Z,XBTUSD,Buy,4800,29216.0,ZeroPlusTick,6186a5b7-49ae-3085-b891-48085e09aa30,16429344,0.16429344,4800.0,Regular
2023-07-28T04:15:54.356Z,XBTUSD,Buy,100,29216.0,ZeroPlusTick,66c9669a-72d6-49cf-f066-096ce6059fd4,342278,0.00342278,100.0,Regular
2023-07-28T04:15:54.356Z,XBTUSD,Buy,100,29216.0,ZeroPlusTick,26d828e2-7ef1-58ba-bd26-ab6d640b4194,342278,0.00342278,100.0,Regular
2023-07-28T04:15:54.356Z,XBTUSD,Buy,100,29216.0,ZeroPlusTick,e4f1869c-60f2-97e6-6f40-3adc42bfdd75,342278,0.00342278,100.0,Regular
2023-07-28T04:15:54.356Z,XBTUSD,Buy,100,29217.5,PlusTick,52e2e023-275a-5df9-5914-61ab93ca7367,342261,0.00342261,100.0,Regular
2023-07-28T04:15:54.356Z,XBTUSD,Buy,55900,29218.0,PlusTick,8685d87e-8395-f3c0-9caf-381bd0b1d016,191320545,1.91320545,55900.0,Regular
2023-07-28T04:16:01.088Z,XBTUSD,Buy,5000,29219.0,PlusTick,c928a9f1-83f5-a563-2396-ff365ec0cd36,17112150,0.1711215,5000.0,Regular
2023-07-28T04:16:01.088Z,XBTUSD,Buy,30800,29219.0,ZeroPlusTick,9cfa1be9-952d-fcea-6541-daa4151af8c1,105410844,1.05410844,30800.0,Regular
2023-07-28T04:16:51.592Z,XBTUSD,Buy,55900,29223.0,PlusTick,2fe07a45-ddfe-ec63-a250-fde2a0c422a2,191287564,1.91287564,55900.0,Regular
2023-07-28T04:16:51.592Z,XBTUSD,Buy,1000,29223.0,ZeroPlusTick,2548fd1f-91df-3bca-2097-3e34673782bf,3421960,0.0342196,1000.0,Regular
2023-07-28T04:16:51.592Z,XBTUSD,Buy,30000,29223.0,ZeroPlusTick,b2a3cac9-d7e2-e1cf-25da-1d45dd87291e,102658800,1.026588,30000.0,Regular
2023-07-28T04:16:51.592Z,XBTUSD,Buy,100,29223.0,ZeroPlusTick,fa1ece95-712f-8162-d2c1-6a4ba70a0bc6,342196,0.00342196,100.0,Regular
2023-07-28T04:16:53.540Z,XBTUSD,Buy,1700,29224.0,PlusTick,74a4b17a-8a22-f60d-4bb4-1c5fece25cca,5817145,0.05817145,1700.0,Regular
2023-07-28T04:16:53.540Z,XBTUSD,Buy,46800,29224.0,ZeroPlusTick,44a362f5-93db-5837-c7fc-84bd7ea45c1a,160142580,1.6014258,46800.0,Regular
2023-07-28T04:16:57.942Z,XBTUSD,Buy,400,29225.0,PlusTick,89f29a99-4f58-2b27-4d75-499751ce0933,1368692,0.01368692,400.0,Regular
2023-07-28T04:16:57.942Z,XBTUSD,Buy,5800,29225.0,ZeroPlusTick,87bf0854-dafc-1214-bad4-c98a929bc307,19846034,0.19846034,5800.0,Regular
2023-07-28T04:16:57.942Z,XBTUSD,Buy,28800,29225.0,ZeroPlusTick,0dc4452d-cafc-ae65-f870-e7adee621a7d,98545824,0.98545824,28800.0,Regular
2023-07-28T04:16:57.996Z,XBTUSD,Buy,27100,29225.0,ZeroPlusTick,61670863-6be4-8779-d4bf-3c00fc282a1d,92728883,0.92728883,27100.0,Regular
2023-07-28T04:18:02.869Z,XBTUSD,Buy,100,29226.0,PlusTick,994b4553-648c-0f11-034c-209e7fb9bfe4,342161,0.00342161,100.0,Regular
2023-07-28T04:18:02.869Z,XBTUSD,Buy,100,29226.0,ZeroPlusTick,90c6899b-f29f-3a5c-295e-87cbbece659e,342161,0.00342161,100.0,Regular
2023-07-28T04:18:02.869Z,XBTUSD,Buy,300,29226.0,ZeroPlusTick,3ca93c3a-8883-f6fb-fb78-bfd8909478e4,1026483,0.01026483,300.0,Regular
2023-07-28T04:19:30.562Z,XBTUSD,Sell,100,29227.5,PlusTick,fd4b3232-a026-d2d4-dfe6-72864b2acfbc,342144,0.00342144,100.0,Regular
2023-07-28T04:19:37.140Z,XBTUSD,Sell,600,29227.5,ZeroPlusTick,0cd210d9-6d06-d352-c109-fd2214d47ed8,2052864,0.02052864,600.0,Regular
2023-07-28T04:19:37.140Z,XBTUSD,Sell,342600,29227.5,ZeroPlusTick,edc06abf-4f52-999c-ad87-bbb6abca097b,1172185344,11.72185344,342600.0,Regular
2023-07-28T04:19:37.140Z,XBTUSD,Sell,900,29227.5,ZeroPlusTick,b33cc5ed-9a21-349b-ccac-746efad021e5,3079296,0.03079296,900.0,Regular
2023-07-28T04:19:37.140Z,XBTUSD,Sell,12100,29227.5,ZeroPlusTick,95d9d7c8-f5f5-6fd1-5216-d2c72ea9468b,41399424,0.41399424,12100.0,Regular
2023-07-28T04:19:37.140Z,XBTUSD,Sell,25300,29227.5,ZeroPlusTick,81786ef0-c71c-aecb-4989-fef1b7e41394,86562432,0.86562432,25300.0,Regular
2023-07-28T04:19:37.140Z,XBTUSD,Sell,8800,29227.5,ZeroPlusTick,e4a84df4-115e-1cd7-b339-4b84c6131bec,30108672,0.30108672,8800.0,Regular
2023-07-28T04:19:37.145Z,XBTUSD,Sell,10800,29227.5,ZeroPlusTick,6279ed28-37bf-2841-86ec-7e5064c26f08,36951552,0.36951552,10800.0,Regular
2023-07-28T04:19:37.145Z,XBTUSD,Sell,800,29227.5,ZeroPlusTick,3658ef12-448a-c938-7ae5-1f651938bf09,2737152,0.02737152,800.0,Regular
2023-07-28T04:19:37.145Z,XBTUSD,Sell,2000,29227.5,ZeroPlusTick,d79c62a8-98dc-b135-93aa-95f486bc663f,6842880,0.0684288,2000.0,Regular
2023-07-28T04:19:37.145Z,XBTUSD,Sell,2200,29227.5,ZeroPlusTick,b9bcceea-97c3-4152-059d-1dd148a54b43,7527168,0.07527168,2200.0,Regular
2023-07-28T04:19:37.145Z,XBTUSD,Sell,100,29227.5,ZeroPlusTick,a081b93f-656f-d758-2a91-2184b8f7a6f3,342144,0.00342144,100.0,Regular
2023-07-28T04:19:37.145Z,XBTUSD,Sell,100,29227.5,ZeroPlusTick,5ee19e99-6965-3f6b-b6a4-7fc3ba5896db,342144,0.00342144,100.0,Regular
2023-07-28T04:19:37.145Z,XBTUSD,Sell,67100,29227.5,ZeroPlusTick,5dc3cdde-6e93-f32d-085c-5a06fe1ad654,229578624,2.29578624,67100.0,Regular
2023-07-28T04:19:37.357Z,XBTUSD,Sell,1000,29227.5,ZeroPlusTick,2ecf79c0-0969-f077-b781-039e09b0e3c2,3421440,0.0342144,1000.0,Regular
2023-07-28T04:19:37.357Z,XBTUSD,Sell,2400,29227.5,ZeroPlusTick,709c3df8-59b3-f48e-c78c-1c6e7299203a,8211456,0.08211456,2400.0,Regular
2023-07-28T04:19:37.357Z,XBTUSD,Sell,500,29227.5,ZeroPlusTick,4a463d15-455d-cf26-de16-e266fef29668,1710720,0.0171072,500.0,Regular
2023-07-28T04:19:37.357Z,XBTUSD,Sell,6100,29227.5,ZeroPlusTick,a7698f7f-edf0-a6fc-1435-0a486c509fba,20870784,0.20870784,6100.0,Regular
2023-07-28T04:19:37.363Z,XBTUSD,Sell,39700,29225.5,MinusTick,75e8a9c9-89d3-584c-a8d0-da41995e7bcd,135840299,1.35840299,39700.0,Regular
2023-07-28T04:19:59.911Z,XBTUSD,Sell,100,29225.0,MinusTick,183081fb-62d2-4443-d597-c46458ea56ba,342173,0.00342173,100.0,Regular
2023-07-28T04:19:59.911Z,XBTUSD,Sell,4900,29225.0,ZeroMinusTick,33751d06-4dd2-023b-40e6-4557c2ad96bc,16766477,0.16766477,4900.0,Regular
2023-07-28T04:20:01.261Z,XBTUSD,Sell,1500,29225.0,ZeroMinusTick,54734cd0-1505-7665-3d74-e672750292b9,5132595,0.05132595,1500.0,Regular
2023-07-28T04:20:01.261Z,XBTUSD,Sell,3800,29225.0,ZeroMinusTick,7de2b27d-bcf5-b016-f470-1895be47a4b3,13002574,0.13002574,3800.0,Regular
2023-07-28T04:20:01.261Z,XBTUSD,Sell,1000,29225.0,ZeroMinusTick,667e5e42-9477-e47d-f7f8-f407077818ca,3421730,0.0342173,1000.0,Regular
2023-07-28T04:20:01.261Z,XBTUSD,Sell,10600,29225.0,ZeroMinusTick,91b05468-47f4-747c-aef0-6e86770d5249,36270338,0.36270338,10600.0,Regular
2023-07-28T04:20:01.261Z,XBTUSD,Sell,17100,29225.0,ZeroMinusTick,4b01777e-23ed-2bf8-4aad-f94041a41f42,58511583,0.58511583,17100.0,Regular
2023-07-28T04:20:01.261Z,XBTUSD,Sell,600,29225.0,ZeroMinusTick,e8495eb3-9db5-da96-5cc3-98e4a1667097,2053038,0.02053038,600.0,Regular
2023-07-28T04:20:01.261Z,XBTUSD,Sell,200,29225.0,ZeroMinusTick,f84de39d-b049-88c7-6a3c-d8af5df12610,684346,0.00684346,200.0,Regular
2023-07-28T04:20:01.261Z,XBTUSD,Sell,85700,29225.0,ZeroMinusTick,a7ebc862-7a90-240d-d9c2-7ddb7e61ae5d,293242261,2.93242261,85700.0,Regular
2023-07-28T04:21:12.630Z,XBTUSD,Sell,100,29222.5,MinusTick,ee274975-d7a3-3e98-2708-97933063d0ce,342202,0.00342202,100.0,Regular
2023-07-28T04:21:12.630Z,XBTUSD,Sell,21400,29222.5,ZeroMinusTick,3d219126-4e2c-23d6-8135-1c9a7b0a476e,73231228,0.73231228,21400.0,Regular
2023-07-28T04:21:12.630Z,XBTUSD,Sell,4200,29222.5,ZeroMinusTick,22f70e82-8089-f375-e03b-085ac41bd1af,14372484,0.14372484,4200.0,Regular
2023-07-28T04:21:12.630Z,XBTUSD,Sell,100,29222.5,ZeroMinusTick,b25582df-407b-7f2f-891b-2c69aa32d7fd,342202,0.00342202,100.0,Regular
2023-07-28T04:21:12.630Z,XBTUSD,Sell,1400,29222.5,ZeroMinusTick,b0588248-eae4-836c-7b9d-a25a4f17a889,4790828,0.04790828,1400.0,Regular
2023-07-28T04:21:12.630Z,XBTUSD,Sell,200,29222.5,ZeroMinusTick,f10d0829-b747-efa1-0477-2cf2f25c646f,684404,0.00684404,200.0,Regular
2023-07-28T04:21:12.630Z,XBTUSD,Sell,2600,29222.5,ZeroMinusTick,5058a078-8792-76b8-71cc-714c8ef16752,8897252,0.08897252,2600.0,Regular
2023-07-28T04:21:12.630Z,XBTUSD,Sell,900,29222.5,ZeroMinusTick,86885ee7-3890-09f4-ff86-34aa4c11fd98,3079818,0.03079818,900.0,Regular
2023-07-28T04:21:12.630Z,XBTUSD,Sell,100,29222.5,ZeroMinusTick,d454c86f-007f-55af-4cc7-ebf8a1324aab,342202,0.00342202,100.0,Regular
2023-07-28T04:21:12.630Z,XBTUSD,Sell,400,29222.5,ZeroMinusTick,0d0fc46d-f84f-04a6-a2d1-8f9596e44d25,1368808,0.01368808,400.0,Regular
2023-07-28T04:21:34.154Z,XBTUSD,Sell,2300,29221.0,MinusTick,518253c1-78fa-4f6f-4a39-7584eb67c762,7871060,0.0787106,2300.0,Regular
2023-07-28T04:21:34.154Z,XBTUSD,Sell,9900,29221.0,ZeroMinusTick,2ccb57be-4aa2-6739-ed2a-9ee6a3642f97,33879780,0.3387978,9900.0,Regular
2023-07-28T04:21:34.154Z,XBTUSD,Sell,500,29221.0,ZeroMinusTick,ba105ef4-c431-d66f-d829-9fc82b314df8,1711100,0.017111,500.0,Regular
2023-07-28T04:21:34.154Z,XBTUSD,Sell,800,29221.0,ZeroMinusTick,ee2ac098-e18b-d132-1a48-e4bd8bca2e3f,2737760,0.0273776,800.0,Regular
2023-07-28T04:21:34.154Z,XBTUSD,Sell,6100,29221.0,ZeroMinusTick,3d61fc34-b148-009f-0538-e35487f3ccda,20875420,0.2087542,6100.0,Regular
2023-07-28T04:21:34.154Z,XBTUSD,Sell,700,29221.0,ZeroMinusTick,92138ead-834c-aa8a-50c0-a1e1030e4169,2395540,0.0239554,700.0,Regular
2023-07-28T04:21:34.154Z,XBTUSD,Sell,1100,29221.0,ZeroMinusTick,c267f03a-797c-d067-4f18-8fb5e0543622,3764420,0.0376442,1100.0,Regular
2023-07-28T04:21:34.154Z,XBTUSD,Sell,500,29221.0,ZeroMinusTick,adcc91ce-5f5b-c55c-e7bf-5351483b603f,1711100,0.017111,500.0,Regular
2023-07-28T04:21:34.154Z,XBTUSD,Sell,2800,29221.0,ZeroMinusTick,356b402c-d80e-004a-f2d0-f672b37ba4b0,9582160,0.0958216,2800.0,Regular
2023-07-28T04:21:34.154Z,XBTUSD,Sell,47200,29221.0,ZeroMinusTick,53d31df4-e9dd-89d3-da48-e55c139d4161,161527840,1.6152784,47200.0,Regular
2023-07-28T04:21:34.154Z,XBTUSD,Sell,400,29221.0,ZeroMinusTick,f25b10a8-c412-6c25-818e-1a7877d3c6f7,1368880,0.0136888,400.0,Regular
2023-07-28T04:21:34.154Z,XBTUSD,Sell,600,29221.0,ZeroMinusTick,53c6f543-04e6-423b-b82f-6894ad781580,2053320,0.0205332,600.0,Regular
2023-07-28T04:21:39.699Z,XBTUSD,Sell,700,29219.0,MinusTick,1efbd502-30cd-134e-f883-64b7db450ea4,2395701,0.02395701,700.0,Regular
2023-07-28T04:21:39.699Z,XBTUSD,Sell,100,29219.0,ZeroMinusTick,afda3191-df43-a479-c06b-2b76a43e41ec,342243,0.00342243,100.0,Regular
2023-07-28T04:21:39.699Z,XBTUSD,Sell,1900,29219.0,ZeroMinusTick,d88851b9-b4e4-7e17-d5d5-38eb604f3807,6502617,0.06502617,1900.0,Regular
2023-07-28T04:22:44.804Z,XBTUSD,Sell,1300,29219.0,ZeroMinusTick,fc9f5223-5227-8717-91e1-4caa1c2e71a6,4449159,0.04449159,1300.0,Regular
2023-07-28T04:23:17.437Z,XBTUSD,Sell,7800,29219.0,ZeroMinusTick,c69c5284-6666-c3d8-ef0e-9fe2d0207ddd,26694954,0.26694954,7800.0,Regular
2023-07-28T04:23:17.446Z,XBTUSD,Sell,800,29219.0,ZeroMinusTick,3dd0665e-34f7-8285-71b1-9217359d3216,2737944,0.02737944,800.0,Regular
2023-07-28T04:23:17.446Z,XBTUSD,Sell,200,29219.0,ZeroMinusTick,4ccfce47-edba-0360-ff70-bc39073d45a4,684486,0.00684486,200.0,Regular
2023-07-28T04:23:17.446Z,XBTUSD,Sell,100,29219.0,ZeroMinusTick,391bde50-9328-b867-6ae7-16384458889b,342243,0.00342243,100.0,Regular
2023-07-28T04:23:17.446Z,XBTUSD,Sell,200,29219.0,ZeroMinusTick,cf6c6b6a-eeb2-9f2d-421c-3f62c51193d5,684486,0.00684486,200.0,Regular
2023-07-28T04:23:17.446Z,XBTUSD,Sell,100,29219.0,ZeroMinusTick,5373b680-d1c0-20a3-fc86-bb30b54bb888,342243,0.00342243,100.0,Regular
2023-07-28T04:23:17.446Z,XBTUSD,Sell,100,29219.0,ZeroMinusTick,a34bf5ae-bb49-9cdf-3641-add920391816,342243,0.00342243,100.0,Regular
2023-07-28T04:23:17.446Z,XBTUSD,Sell,400,29219.0,ZeroMinusTick,e9aba30a-807e-5219-37b7-a288ee6dba38,1368972,0.01368972,400.0,Regular
2023-07-28T04:23:17.446Z,XBTUSD,Sell,700,29219.0,ZeroMinusTick,b2a05d31-d101-25af-73e3-05c26f86d9c6,2395701,0.02395701,700.0,Regular
2023-07-28T04:23:17.483Z,XBTUSD,Sell,5800,29214.0,MinusTick,f144395f-de79-4d23-4fdc-4c00289416f3,19853516,0.19853516,5800.0,Regular
2023-07-28T04:23:17.483Z,XBTUSD,Sell,3300,29214.0,ZeroMinusTick,02793014-5185-d0d0-8cf0-b3b05d98359f,11295966,0.11295966,3300.0,Regular
2023-07-28T04:23:17.498Z,XBTUSD,Sell,100,29213.5,MinusTick,1472d3d2-1a2c-8864-7503-b532ad1ef3d4,342307,0.00342307,100.0,Regular
2023-07-28T04:23:17.498Z,XBTUSD,Sell,4300,29213.5,ZeroMinusTick,03e54524-5c6b-6d28-a6f3-2bf95ca57079,14719201,0.14719201,4300.0,Regular
2023-07-28T04:23:17.710Z,XBTUSD,Sell,100,29212.5,MinusTick,c2c9388d-ee46-e092-ca75-898d9b1e0b70,342319,0.00342319,100.0,Regular
2023-07-28T04:23:19.052Z,XBTUSD,Sell,1700,29212.5,ZeroMinusTick,23bc5ba5-c57e-a24b-3caf-b982914d8bd8,5819423,0.05819423,1700.0,Regular
2023-07-28T04:23:45.472Z,XBTUSD,Buy,5000,29213.0,PlusTick,d45e1605-70d3-8601-0bcd-d502824f39fa,17115650,0.1711565,5000.0,Regular
2023-07-28T04:24:09.788Z,XBTUSD,Sell,2400,29212.5,MinusTick,33172203-ec5b-f2d8-1f48-061def1cd7c1,8215656,0.08215656,2400.0,Regular
2023-07-28T04:24:09.788Z,XBTUSD,Sell,200,29212.5,ZeroMinusTick,7f788e81-a269-9670-b86f-9bd683561575,684638,0.00684638,200.0,Regular
2023-07-28T04:24:09.788Z,XBTUSD,Sell,100,29212.5,ZeroMinusTick,9ff9ac4e-7293-9846-2f84-b9a02f51b323,342319,0.00342319,100.0,Regular
2023-07-28T04:24:36.668Z,XBTUSD,Sell,200,29212.0,MinusTick,7afd7489-2db9-4dd2-ae71-1edf3c4defd9,684650,0.0068465,200.0,Regular
2023-07-28T04:24:36.668Z,XBTUSD,Sell,500,29212.0,ZeroMinusTick,f9a9e350-0649-0b58-8fa4-247abe9a6e8a,1711625,0.01711625,500.0,Regular
2023-07-28T04:24:36.668Z,XBTUSD,Sell,4300,29212.0,ZeroMinusTick,927c04ec-2004-ba5b-372c-6dc452dc7314,14719975,0.14719975,4300.0,Regular
2023-07-28T04:24:40.283Z,XBTUSD,Buy,2300,29212.5,PlusTick,4b058bc6-584a-37d8-f44c-8e0eabd83652,7873337,0.07873337,2300.0,Regular
2023-07-28T04:24:40.283Z,XBTUSD,Buy,29900,29212.5,ZeroPlusTick,928c5c20-2215-1c34-3c0d-bd318e90ead3,102353381,1.02353381,29900.0,Regular
2023-07-28T04:24:40.283Z,XBTUSD,Buy,6600,29212.5,ZeroPlusTick,020408a7-54f4-d279-5953-5b75eba40b97,22593054,0.22593054,6600.0,Regular
2023-07-28T04:24:40.283Z,XBTUSD,Buy,3300,29212.5,ZeroPlusTick,54e2b665-8bdf-da6c-991b-ca7e36b341de,11296527,0.11296527,3300.0,Regular
2023-07-28T04:24:40.283Z,XBTUSD,Buy,6400,29212.5,ZeroPlusTick,74cc2e00-78cd-3e70-a73d-88e99f261888,21908416,0.21908416,6400.0,Regular
2023-07-28T04:24:40.283Z,XBTUSD,Buy,1000,29212.5,ZeroPlusTick,9f9c94d5-4b76-7926-74a4-1c50bd3c30b1,3423190,0.0342319,1000.0,Regular
2023-07-28T04:24:40.283Z,XBTUSD,Buy,69100,29212.5,ZeroPlusTick,3bd6e0d9-1e25-d3c0-3708-724162a58864,236542429,2.36542429,69100.0,Regular
2023-07-28T04:24:40.283Z,XBTUSD,Buy,11200,29212.5,ZeroPlusTick,e17cb3e0-bcb9-2012-0c95-e1edc30e822b,38339728,0.38339728,11200.0,Regular
2023-07-28T04:24:40.283Z,XBTUSD,Buy,200,29212.5,ZeroPlusTick,e017827e-0eba-dd1b-eefe-020579f18a3d,684638,0.00684638,200.0,Regular
2023-07-28T04:24:40.283Z,XBTUSD,Buy,900,29212.5,ZeroPlusTick,d4d16de0-92cc-6b7f-4113-7cf18002bc13,3080871,0.03080871,900.0,Regular
2023-07-28T04:24:40.283Z,XBTUSD,Buy,400,29212.5,ZeroPlusTick,4acd5560-cf63-ff5d-1203-ee330afda461,1369276,0.01369276,400.0,Regular
2023-07-28T04:24:40.283Z,XBTUSD,Buy,15900,29212.5,ZeroPlusTick,f7cf8f69-afcc-bbf2-ce09-3efa989c5a0c,54428721,0.54428721,15900.0,Regular
2023-07-28T04:24:40.283Z,XBTUSD,Buy,7700,29212.5,ZeroPlusTick,3182143e-5240-2cbd-62a9-107a4acc467b,26358563,0.26358563,7700.0,Regular
2023-07-28T04:24:40.283Z,XBTUSD,Buy,1100,29212.5,ZeroPlusTick,a5419134-acd9-0365-c71f-e23bf993ade8,3765509,0.03765509,1100.0,Regular
2023-07-28T04:24:40.283Z,XBTUSD,Buy,1500,29212.5,ZeroPlusTick,8a5cbce0-c4cf-5c70-aa9e-8254304ab408,5134785,0.05134785,1500.0,Regular
2023-07-28T04:24:40.283Z,XBTUSD,Buy,1900,29212.5,ZeroPlusTick,947a8001-a0da-69a2-aa33-e9ad2cdd2ec0,6504061,0.06504061,1900.0,Regular
2023-07-28T04:24:40.283Z,XBTUSD,Buy,2400,29212.5,ZeroPlusTick,f033f814-bf17-2186-f4b3-5d9fc5facef8,8215656,0.08215656,2400.0,Regular
2023-07-28T04:24:40.283Z,XBTUSD,Buy,2200,29212.5,ZeroPlusTick,fc6c6346-a03b-f51a-ef7f-32061065b7b9,7531018,0.07531018,2200.0,Regular
2023-07-28T04:25:07.015Z,XBTUSD,Buy,100,29216.0,PlusTick,926f2394-f1e9-32e0-f41f-126881f4da4d,342278,0.00342278,100.0,Regular
2023-07-28T04:25:07.015Z,XBTUSD,Buy,5000,29216.0,ZeroPlusTick,16b71fc9-077e-a119-797e-7d846dbebab5,17113900,0.171139,5000.0,Regular
2023-07-28T04:25:07.015Z,XBTUSD,Buy,2800,29216.0,ZeroPlusTick,cc720674-0ddc-f95c-9771-9473a00526dc,9583784,0.09583784,2800.0,Regular
2023-07-28T04:25:07.015Z,XBTUSD,Buy,29900,29216.0,ZeroPlusTick,33a1c8ec-7b53-371a-b6e4-2136cd5353d2,102341122,1.02341122,29900.0,Regular
2023-07-28T04:25:07.015Z,XBTUSD,Buy,100,29216.0,ZeroPlusTick,e17c9312-54a3-f0c4-8c24-ead09ce011bf,342278,0.00342278,100.0,Regular
2023-07-28T04:25:07.015Z,XBTUSD,Buy,6600,29216.0,ZeroPlusTick,c9e2d263-8012-ea7c-4a06-4914353868a8,22590348,0.22590348,6600.0,Regular
2023-07-28T04:25:38.427Z,XBTUSD,Buy,800,29216.0,ZeroPlusTick,071247c8-c38d-0f2d-e3a3-215cdf6ff472,2738224,0.02738224,800.0,Regular
2023-07-28T04:25:38.427Z,XBTUSD,Buy,4000,29216.0,ZeroPlusTick,b31c0c9a-aa08-c42f-0239-4a2e015f4cb7,13691120,0.1369112,4000.0,Regular
2023-07-28T04:25:38.427Z,XBTUSD,Buy,100,29216.0,ZeroPlusTick,f8054808-98c7-ee4c-23f1-4a72c123bfab,342278,0.00342278,100.0,Regular
2023-07-28T04:25:38.427Z,XBTUSD,Buy,5000,29216.0,ZeroPlusTick,8b34cf21-4277-c9ae-0e5f-83d321a953d3,17113900,0.171139,5000.0,Regular
2023-07-28T04:25:38.427Z,XBTUSD,Buy,48500,29216.0,ZeroPlusTick,6bfa5bd4-e3b1-88c0-b7ed-92ef0b847dcf,166004830,1.6600483,48500.0,Regular
2023-07-28T04:25:38.463Z,XBTUSD,Buy,29900,29216.0,ZeroPlusTick,ac9cc33e-810d-3ada-58a9-314535ff336c,102341122,1.02341122,29900.0,Regular
2023-07-28T04:25:38.463Z,XBTUSD,Buy,500,29216.0,ZeroPlusTick,126df337-b847-b4df-75d7-63204266cc76,1711390,0.0171139,500.0,Regular
2023-07-28T04:25:38.463Z,XBTUSD,Buy,1400,29216.0,ZeroPlusTick,cd3bf18b-26da-dc38-4ca0-2d61aa1b884b,4791892,0.04791892,1400.0,Regular
2023-07-28T04:25:38.463Z,XBTUSD,Buy,700,29216.0,ZeroPlusTick,274d99b1-c9cd-5c12-005a-ebab8558bebd,2395946,0.02395946,700.0,Regular
2023-07-28T04:25:38.463Z,XBTUSD,Buy,700,29216.0,ZeroPlusTick,4820e813-d0de-3115-dd89-544c42c0689a,2395946,0.02395946,700.0,Regular
2023-07-28T04:25:38.463Z,XBTUSD,Buy,300,29216.0,ZeroPlusTick,7d46b6ff-de69-bf98-bcdc-96a6d37fb009,1026834,0.01026834,300.0,Regular
2023-07-28T04:25:38.463Z,XBTUSD,Buy,1700,29216.0,ZeroPlusTick,90e02957-1bb0-48d5-1da8-b22b6ea75284,5818726,0.05818726,1700.0,Regular
2023-07-28T04:25:38.463Z,XBTUSD,Buy,100,29216.0,ZeroPlusTick,8c94487e-bce1-2c96-8c1b-489fc0213e29,342278,0.00342278,100.0,Regular
2023-07-28T04:26:33.064Z,XBTUSD,Buy,200,29218.5,PlusTick,c1868c2e-4d06-1949-132b-8325aba9f73b,684498,0.00684498,200.0,Regular
2023-07-28T04:26:33.064Z,XBTUSD,Buy,400,29218.5,ZeroPlusTick,44d3789d-d9cb-0b38-d643-5785ddee4cc0,1368996,0.01368996,400.0,Regular
2023-07-28T04:26:33.085Z,XBTUSD,Buy,100,29219.0,PlusTick,b32ab440-5d80-1e1b-ca96-ce23617eca9e,342243,0.00342243,100.0,Regular
2023-07-28T04:27:06.641Z,XBTUSD,Sell,3200,29224.5,PlusTick,e996b7d1-c9f3-ee13-424e-eb8295c3a1ed,10949728,0.10949728,3200.0,Regular
2023-07-28T04:27:06.641Z,XBTUSD,Sell,1800,29224.5,ZeroPlusTick,0ef2e250-17ae-bed2-abf3-8e7d40171fd6,6159222,0.06159222,1800.0,Regular
2023-07-28T04:27:06.784Z,XBTUSD,Buy,100,29225.0,PlusTick,2a0db648-c0d3-08c0-9daf-4c6c38097f97,342173,0.00342173,100.0,Regular
2023-07-28T04:27:06.784Z,XBTUSD,Buy,1000,29225.0,ZeroPlusTick,bc612ed0-48f5-5398-5771-7a9f8e78f75e,3421730,0.0342173,1000.0,Regular
2023-07-28T04:27:06.784Z,XBTUSD,Buy,3900,29225.0,ZeroPlusTick,819f453d-6c3f-df26-8f85-07841be8cc2c,13344747,0.13344747,3900.0,Regular
2023-07-28T04:27:58.396Z,XBTUSD,Sell,3200,29224.5,MinusTick,c2b9bbe5-6a46-0eb8-2530-55dfe73cb0d1,10949728,0.10949728,3200.0,Regular
2023-07-28T04:27:58.396Z,XBTUSD,Sell,1200,29224.5,ZeroMinusTick,693f2b7f-8a97-ecce-8a28-88e6bf908182,4106148,0.04106148,1200.0,Regular
2023-07-28T04:27:58.396Z,XBTUSD,Sell,4400,29224.5,ZeroMinusTick,d280f498-61d5-b245-b157-4a0ceb07abd1,15055876,0.15055876,4400.0,Regular
2023-07-28T04:27:58.396Z,XBTUSD,Sell,300,29224.5,ZeroMinusTick,86d31136-0cc0-3f33-d885-57933f18977b,1026537,0.01026537,300.0,Regular
2023-07-28T04:27:58.396Z,XBTUSD,Sell,100,29224.5,ZeroMinusTick,73f20cf4-983c-a31e-17c2-86cad4013e82,342179,0.00342179,100.0,Regular
2023-07-28T04:27:58.396Z,XBTUSD,Sell,45300,29224.5,ZeroMinusTick,8fbfacbd-30f7-04d5-9c93-a209a40c9c8b,155007087,1.55007087,45300.0,Regular
2023-07-28T04:27:58.396Z,XBTUSD,Sell,500,29224.5,ZeroMinusTick,cbf36b08-e8b4-a4f2-753b-03ca40c41a14,1710895,0.01710895,500.0,Regular
2023-07-28T04:27:58.396Z,XBTUSD,Sell,400,29224.5,ZeroMinusTick,54e49f50-2688-8e8c-962e-b8b345b8c185,1368716,0.01368716,400.0,Regular
2023-07-28T04:27:58.396Z,XBTUSD,Sell,2100,29224.5,ZeroMinusTick,5b808ad1-0c31-0ddd-01bf-8870c8037a24,7185759,0.07185759,2100.0,Regular
2023-07-28T04:27:58.396Z,XBTUSD,Sell,400,29224.5,ZeroMinusTick,f61285d5-ea31-2078-559a-92bd4586a524,1368716,0.01368716,400.0,Regular
2023-07-28T04:28:47.079Z,XBTUSD,Sell,100,29221.5,MinusTick,3cf2b2ae-e758-4942-b834-7da2ebe1a91a,342214,0.00342214,100.0,Regular
2023-07-28T04:28:47.079Z,XBTUSD,Sell,100,29221.5,ZeroMinusTick,eae9fa5a-2c53-94ff-ff45-054788b03981,342214,0.00342214,100.0,Regular
2023-07-28T04:28:47.079Z,XBTUSD,Sell,1000,29221.5,ZeroMinusTick,b96d7138-4c10-3eff-e3fd-44b0696ddf1b,3422140,0.0342214,1000.0,Regular
2023-07-28T04:28:47.079Z,XBTUSD,Sell,400,29221.5,ZeroMinusTick,8b2ce641-7d0b-0f77-4cd1-536ae732348f,1368856,0.01368856,400.0,Regular
2023-07-28T04:28:47.079Z,XBTUSD,Sell,1100,29221.5,ZeroMinusTick,ac4b4e38-bbbb-c648-38e1-f9580fe52eb7,3764354,0.03764354,1100.0,Regular
2023-07-28T04:28:47.095Z,XBTUSD,Sell,100,29221.5,ZeroMinusTick,53e2f078-9c73-2ddc-e906-ade291fe28c5,342214,0.00342214,100.0,Regular
2023-07-28T04:28:47.095Z,XBTUSD,Sell,600,29221.5,ZeroMinusTick,353546dd-7b64-ed90-0d17-073ea9dda0b2,2053284,0.02053284,600.0,Regular
2023-07-28T04:28:47.095Z,XBTUSD,Sell,100,29221.5,ZeroMinusTick,24819d66-2170-28cb-c833-4a0d4cfdf485,342214,0.00342214,100.0,Regular
2023-07-28T04:28:47.095Z,XBTUSD,Sell,11500,29221.5,ZeroMinusTick,f8fd9338-1173-db2f-11e1-bdf0ea1a8328,39354610,0.3935461,11500.0,Regular
2023-07-28T04:28:47.095Z,XBTUSD,Sell,600,29221.5,ZeroMinusTick,f1a288d5-b4d8-a22b-001d-e67d854bf31b,2053284,0.02053284,600.0,Regular
2023-07-28T04:28:47.095Z,XBTUSD,Sell,2400,29221.5,ZeroMinusTick,87ffb06d-edd8-f40c-3ede-f4cdf4a262c0,8213136,0.08213136,2400.0,Regular
2023-07-28T04:28:47.095Z,XBTUSD,Sell,6200,29221.5,ZeroMinusTick,4ae15f7c-e1cf-7ddf-30ba-6d401888c73a,21217268,0.21217268,6200.0,Regular
2023-07-28T04:28:47.095Z,XBTUSD,Sell,900,29221.5,ZeroMinusTick,a34af72f-510a-77bd-d073-ddc0d51385d5,3079926,0.03079926,900.0,Regular
2023-07-28T04:28:47.095Z,XBTUSD,Sell,9900,29221.5,ZeroMinusTick,5f9058d0-221d-8a6c-478e-219a30e8c304,33879186,0.33879186,9900.0,Regular
2023-07-28T04:28:47.095Z,XBTUSD,Sell,100,29221.5,ZeroMinusTick,13d6edfa-b557-e43d-5c21-1030d7ac7ad9,342214,0.00342214,100.0,Regular
2023-07-28T04:30:33.447Z,XBTUSD,Buy,55900,29219.0,MinusTick,d4049393-9eaa-19af-b386-8034cc3846eb,191313837,1.91313837,55900.0,Regular
2023-07-28T04:30:33.447Z,XBTUSD,Buy,29900,29219.0,ZeroMinusTick,bfac53fd-4945-c21b-42cc-7911a7f34a4a,102330657,1.02330657,29900.0,Regular
2023-07-28T04:30:33.447Z,XBTUSD,Buy,200,29219.0,ZeroMinusTick,49063522-bc2f-a501-7a54-f98f3ccf0e1e,684486,0.00684486,200.0,Regular
2023-07-28T04:30:33.447Z,XBTUSD,Buy,100,29219.0,ZeroMinusTick,f341f584-db46-7169-8d18-591a864dfc19,342243,0.00342243,100.0,Regular
2023-07-28T04:30:33.447Z,XBTUSD,Buy,20400,29219.0,ZeroMinusTick,9ee43977-aaba-0905-ea0f-f26365281921,69817572,0.69817572,20400.0,Regular
2023-07-28T04:30:33.447Z,XBTUSD,Buy,100,29219.0,ZeroMinusTick,ef41a2db-c8ff-1d48-9bb0-ca5fb0d88812,342243,0.00342243,100.0,Regular
2023-07-28T04:30:33.447Z,XBTUSD,Buy,100,29219.0,ZeroMinusTick,8107d14f-d4d9-2d57-4f0c-7b3e84aea001,342243,0.00342243,100.0,Regular
2023-07-28T04:30:33.447Z,XBTUSD,Buy,100,29219.0,ZeroMinusTick,a1a4dfcd-3ea8-61e1-97b4-ea7465e71d13,342243,0.00342243,100.0,Regular
2023-07-28T04:30:33.447Z,XBTUSD,Buy,100,29219.0,ZeroMinusTick,291fd968-5e32-c91b-ef79-96b0858232dd,342243,0.00342243,100.0,Regular
2023-07-28T04:30:33.447Z,XBTUSD,Buy,100,29219.0,ZeroMinusTick,0d491e3d-e985-156e-e0a2-1719c74a8878,342243,0.00342243,100.0,Regular
2023-07-28T04:30:33.447Z,XBTUSD,Buy,100,29219.0,ZeroMinusTick,ecf4effd-4926-04db-1530-e2a314cf3ed3,342243,0.00342243,100.0,Regular
2023-07-28T04:30:33.447Z,XBTUSD,Buy,4300,29219.0,ZeroMinusTick,743be0e0-2085-09b3-546a-8bfdd0560193,14716449,0.14716449,4300.0,Regular
2023-07-28T04:30:33.447Z,XBTUSD,Buy,30000,29219.0,ZeroMinusTick,341e6f6a-18c0-746a-cb9f-9e2532a6db89,102672900,1.026729,30000.0,Regular
2023-07-28T04:30:33.447Z,XBTUSD,Buy,600,29219.0,ZeroMinusTick,83c70bd0-9558-46d2-5ca3-1114144d9741,2053458,0.02053458,600.0,Regular
2023-07-28T04:30:33.447Z,XBTUSD,Buy,1300,29219.0,ZeroMinusTick,1ebb41e2-8bc2-a881-d400-892daf6f5506,4449159,0.04449159,1300.0,Regular
2023-07-28T04:30:33.447Z,XBTUSD,Buy,100,29219.0,ZeroMinusTick,eac08d82-cc63-67df-bc2c-e3da297e20f5,342243,0.00342243,100.0,Regular
2023-07-28T04:30:33.447Z,XBTUSD,Buy,6300,29219.0,ZeroMinusTick,19af9905-76b0-08e6-f798-70dca787b2eb,21561309,0.21561309,6300.0,Regular
2023-07-28T04:30:33.893Z,XBTUSD,Buy,22900,29219.0,ZeroMinusTick,d0dcb8ea-fd19-20f2-b689-87d303d4f43a,78373647,0.78373647,22900.0,Regular
2023-07-28T04:30:39.893Z,XBTUSD,Buy,100,29222.0,PlusTick,23d2067b-3364-b33f-a77b-d115b569a8a6,342208,0.00342208,100.0,Regular
2023-07-28T04:30:46.265Z,XBTUSD,Buy,5000,29224.0,PlusTick,a780e820-97ee-9a73-85fc-ba1c178980a9,17109250,0.1710925,5000.0,Regular
2023-07-28T04:30:46.265Z,XBTUSD,Buy,29100,29224.0,ZeroPlusTick,8b66b495-1733-7106-5a5d-cc8828d64edf,99575835,0.99575835,29100.0,Regular
2023-07-28T04:30:46.274Z,XBTUSD,Buy,900,29224.0,ZeroPlusTick,dc72700f-ed37-55e3-9c67-92161c181fe2,3079665,0.03079665,900.0,Regular
2023-07-28T04:30:46.274Z,XBTUSD,Buy,200,29224.0,ZeroPlusTick,354d723b-2fa5-5001-e48d-59ab9edc3e58,684370,0.0068437,200.0,Regular
2023-07-28T04:31:52.160Z,XBTUSD,Buy,20100,29226.0,PlusTick,4ebac97d-6bca-2024-9bb6-151808aafec4,68774361,0.68774361,20100.0,Regular
2023-07-28T04:31:52.162Z,XBTUSD,Buy,34000,29226.0,ZeroPlusTick,9fd30384-18d7-95ec-9f01-9423c436295d,116334740,1.1633474,34000.0,Regular
2023-07-28T04:31:52.178Z,XBTUSD,Buy,1800,29226.0,ZeroPlusTick,173d1b76-807a-92e5-c758-818bd5496949,6158898,0.06158898,1800.0,Regular
2023-07-28T04:31:52.178Z,XBTUSD,Buy,5000,29226.0,ZeroPlusTick,f268c37a-e70b-6433-03ff-44993486e139,17108050,0.1710805,5000.0,Regular
2023-07-28T04:31:52.178Z,XBTUSD,Buy,16800,29226.0,ZeroPlusTick,4a6ebea3-fcd7-9429-0a85-12aa728ad6f8,57483048,0.57483048,16800.0,Regular
2023-07-28T04:31:52.187Z,XBTUSD,Buy,13200,29226.0,ZeroPlusTick,2c2d9230-463d-ce99-4856-e41054b74784,45165252,0.45165252,13200.0,Regular
2023-07-28T04:31:52.187Z,XBTUSD,Buy,100,29226.0,ZeroPlusTick,f259a63a-fa79-b4b8-d492-e922c0fbc2c9,342161,0.00342161,100.0,Regular
2023-07-28T04:31:52.187Z,XBTUSD,Buy,29700,29226.0,ZeroPlusTick,535443f4-1551-4a51-b92b-248115569f65,101621817,1.01621817,29700.0,Regular
2023-07-28T04:31:52.192Z,XBTUSD,Buy,200,29226.5,PlusTick,f1fbcf68-eca2-37ae-f2b6-ae9f5f84a4c0,684310,0.0068431,200.0,Regular
2023-07-28T04:31:52.192Z,XBTUSD,Buy,18700,29227.5,PlusTick,ef89579d-0b99-5ae5-52fb-ab0aa81f8411,63980928,0.63980928,18700.0,Regular
2023-07-28T04:32:02.357Z,XBTUSD,Buy,100,29228.0,PlusTick,80a0574e-4456-df4a-55b9-a85141402428,342138,0.00342138,100.0,Regular
2023-07-28T04:32:02.357Z,XBTUSD,Buy,1000,29228.0,ZeroPlusTick,370dd4e4-d63c-9831-818a-6d58059fafb0,3421380,0.0342138,1000.0,Regular
2023-07-28T04:32:02.357Z,XBTUSD,Buy,3900,29228.0,ZeroPlusTick,9a35a819-cd07-9369-c98c-c40bf4f6f24e,13343382,0.13343382,3900.0,Regular
2023-07-28T04:32:33.930Z,XBTUSD,Buy,30000,29229.0,PlusTick,76af05e2-2347-43a4-21fd-fa8ed93333a1,102637800,1.026378,30000.0,Regular
2023-07-28T04:32:33.930Z,XBTUSD,Buy,7100,29229.0,ZeroPlusTick,56cf921e-1d5d-d104-0240-f89a33a66f12,24290946,0.24290946,7100.0,Regular
2023-07-28T04:32:33.930Z,XBTUSD,Buy,31400,29229.0,ZeroPlusTick,84f3f256-e55e-a8d3-7288-f380b0e9100b,107427564,1.07427564,31400.0,Regular
2023-07-28T04:32:37.749Z,XBTUSD,Buy,3800,29229.0,ZeroPlusTick,59831d5c-4b99-3853-838d-eed50a358fcd,13000788,0.13000788,3800.0,Regular
2023-07-28T04:33:18.137Z,XBTUSD,Buy,26200,29229.0,ZeroPlusTick,3ae92291-27e4-76f0-3e36-44520a268985,89637012,0.89637012,26200.0,Regular
2023-07-28T04:33:18.137Z,XBTUSD,Buy,10000,29229.0,ZeroPlusTick,06ae9903-5210-15d5-6cb5-a4373b3e778a,34212600,0.342126,10000.0,Regular
2023-07-28T04:33:18.137Z,XBTUSD,Buy,10000,29229.0,ZeroPlusTick,44c632da-579e-9dec-a47b-7ad7bda68386,34212600,0.342126,10000.0,Regular
2023-07-28T04:33:18.137Z,XBTUSD,Buy,10000,29229.0,ZeroPlusTick,05eb4855-5bfd-69c6-fc4e-2ca156dcf84a,34212600,0.342126,10000.0,Regular
2023-07-28T04:33:18.137Z,XBTUSD,Buy,1700,29229.0,ZeroPlusTick,9174a39a-d44f-2547-440a-68552de3caaf,5816142,0.05816142,1700.0,Regular
2023-07-28T04:33:18.137Z,XBTUSD,Buy,200,29229.0,ZeroPlusTick,e14e07ea-b56a-0850-3aec-4cd76ecb513b,684252,0.00684252,200.0,Regular
2023-07-28T04:33:18.137Z,XBTUSD,Buy,27000,29229.0,ZeroPlusTick,41e7ac5d-2f42-024d-34c8-a9ea6ddac17a,92374020,0.9237402,27000.0,Regular
2023-07-28T04:33:18.142Z,XBTUSD,Buy,28900,29229.0,ZeroPlusTick,c2b24482-4609-b1df-f93a-14995c866387,98874414,0.98874414,28900.0,Regular
2023-07-28T04:33:26.592Z,XBTUSD,Buy,6700,29233.5,PlusTick,dae9cfec-93dd-7509-2ab0-9336fbc5a117,22918891,0.22918891,6700.0,Regular
2023-07-28T04:33:26.592Z,XBTUSD,Buy,30000,29233.5,ZeroPlusTick,d2b0d25f-00e4-767a-9070-73d09fcb3f74,102621900,1.026219,30000.0,Regular
2023-07-28T04:33:26.695Z,XBTUSD,Buy,5000,29234.5,PlusTick,2c4740ce-ed80-bb22-9c2b-0ce3296c83f3,17103100,0.171031,5000.0,Regular
2023-07-28T04:33:33.611Z,XBTUSD,Buy,100,29235.5,PlusTick,960b2032-d1a5-3dbd-7efa-4b0aeae883d3,342050,0.0034205,100.0,Regular
2023-07-28T04:33:33.611Z,XBTUSD,Buy,3800,29235.5,ZeroPlusTick,ec098976-b9e1-8125-8922-c734cf7ec7aa,12997900,0.129979,3800.0,Regular
2023-07-28T04:33:34.206Z,XBTUSD,Buy,26200,29235.5,ZeroPlusTick,c30e66df-2323-c05d-fe90-c5f106cdaf2e,89617100,0.896171,26200.0,Regular
2023-07-28T04:33:34.206Z,XBTUSD,Buy,3800,29235.5,ZeroPlusTick,b2dd291e-ef2b-2789-9451-024251023080,12997900,0.129979,3800.0,Regular
2023-07-28T04:33:49.999Z,XBTUSD,Buy,500,29235.5,ZeroPlusTick,93d64f7a-8d55-4cc9-ff84-2a952f61c73f,1710250,0.0171025,500.0,Regular
2023-07-28T04:33:49.999Z,XBTUSD,Buy,29500,29235.5,ZeroPlusTick,375dc46c-e145-5e00-ea75-e94351e8c6ea,100904750,1.0090475,29500.0,Regular
2023-07-28T04:34:00.033Z,XBTUSD,Buy,30000,29235.5,ZeroPlusTick,38e24af8-351b-71ba-b23c-689419abd4c7,102615000,1.02615,30000.0,Regular
2023-07-28T04:34:08.240Z,XBTUSD,Buy,29900,29236.0,PlusTick,44e74b0d-32e1-4114-244b-29e61a913d82,102271156,1.02271156,29900.0,Regular
2023-07-28T04:34:08.240Z,XBTUSD,Buy,7400,29236.0,ZeroPlusTick,c388da3c-ca36-e2de-b080-05ad0c66c744,25311256,0.25311256,7400.0,Regular
2023-07-28T04:34:08.246Z,XBTUSD,Buy,22600,29236.0,ZeroPlusTick,53628ec2-ea88-7f15-21e0-d7aeea354fb2,77301944,0.77301944,22600.0,Regular
2023-07-28T04:34:08.247Z,XBTUSD,Buy,5800,29236.5,PlusTick,36118900-4c39-f39a-7ab4-f83ddcd12042,19838204,0.19838204,5800.0,Regular
2023-07-28T04:34:08.247Z,XBTUSD,Buy,43300,29237.0,PlusTick,51ee1542-f3d8-ea0f-647f-414cd662a3df,148099856,1.48099856,43300.0,Regular
2023-07-28T04:34:08.250Z,XBTUSD,Buy,12600,29237.0,ZeroPlusTick,bd6b0b31-5b77-2b60-074c-4dbdf8ccd42a,43096032,0.43096032,12600.0,Regular
2023-07-28T04:34:08.250Z,XBTUSD,Buy,8800,29237.5,PlusTick,61f2bd3b-9b7c-aee8-0295-1071d93ed1e2,30098376,0.30098376,8800.0,Regular
2023-07-28T04:34:08.251Z,XBTUSD,Buy,1200,29237.5,ZeroPlusTick,bf79624e-d956-7e7f-409b-e556da1bd8bb,4104324,0.04104324,1200.0,Regular
2023-07-28T04:34:08.251Z,XBTUSD,Buy,200,29238.0,PlusTick,c47a9cbc-e6fc-f285-970d-a77aa6ce0e8a,684042,0.00684042,200.0,Regular
2023-07-28T04:34:08.251Z,XBTUSD,Buy,100,29238.5,PlusTick,9bfbeec4-313b-7ef3-6b2a-c42db293bf8e,342015,0.00342015,100.0,Regular
2023-07-28T04:34:08.251Z,XBTUSD,Buy,3300,29239.0,PlusTick,46df2816-7012-eee6-53a0-1da400d12922,11286297,0.11286297,3300.0,Regular
2023-07-28T04:34:08.251Z,XBTUSD,Buy,20300,29239.0,ZeroPlusTick,087c656f-e72b-b293-4104-d8f25f26e86d,69427827,0.69427827,20300.0,Regular
2023-07-28T04:34:08.275Z,XBTUSD,Buy,100,29239.0,ZeroPlusTick,2ef452aa-e405-2d74-5172-8956eee0bacf,342009,0.00342009,100.0,Regular
2023-07-28T04:34:08.275Z,XBTUSD,Buy,71800,29239.5,PlusTick,c57d1a04-5769-d8c3-bbd7-e8d55ea9a1aa,245558154,2.45558154,71800.0,Regular
2023-07-28T04:34:08.279Z,XBTUSD,Buy,7200,29239.5,ZeroPlusTick,a2719ea8-3914-8318-0607-d91c6edbd5f2,24624216,0.24624216,7200.0,Regular
2023-07-28T04:34:08.279Z,XBTUSD,Buy,22000,29239.5,ZeroPlusTick,4da8a279-54e2-6d8c-79e0-522df979d905,75240660,0.7524066,22000.0,Regular
2023-07-28T04:34:38.027Z,XBTUSD,Buy,100,29240.0,PlusTick,7864a675-985b-77b7-184b-2c72a8208afb,341997,0.00341997,100.0,Regular
2023-07-28T04:34:38.027Z,XBTUSD,Buy,29900,29240.0,ZeroPlusTick,2039010c-f8a2-4e0a-30cd-c420c26b34b6,102257103,1.02257103,29900.0,Regular
2023-07-28T04:34:50.926Z,XBTUSD,Buy,6400,29240.0,ZeroPlusTick,b353b492-4d27-89c4-0d6d-f2fedbac1f20,21887808,0.21887808,6400.0,Regular
2023-07-28T04:34:50.930Z,XBTUSD,Buy,7300,29240.0,ZeroPlusTick,97c89c5d-b20a-1e82-b83a-1c7370ace23f,24965781,0.24965781,7300.0,Regular
2023-07-28T04:34:50.931Z,XBTUSD,Buy,5500,29240.0,ZeroPlusTick,a1320eab-b6e1-4e0f-c75a-7c872e067e5a,18809835,0.18809835,5500.0,Regular
2023-07-28T04:34:50.931Z,XBTUSD,Buy,6700,29242.0,PlusTick,4f9b1b4a-6224-1fc8-4855-84ae7e600745,22912258,0.22912258,6700.0,Regular
2023-07-28T04:34:50.931Z,XBTUSD,Buy,100,29242.5,PlusTick,ccb251a2-40c2-294a-1b65-61d6ca2f9ea7,341968,0.00341968,100.0,Regular
2023-07-28T04:34:50.931Z,XBTUSD,Buy,55900,29242.5,ZeroPlusTick,e546bc18-b0d2-aa43-780a-ae6e5e4f896b,191160112,1.91160112,55900.0,Regular
2023-07-28T04:34:50.931Z,XBTUSD,Buy,1100,29243.5,PlusTick,4084a069-cce9-498f-12fc-8610d6f1ca77,3761516,0.03761516,1100.0,Regular
2023-07-28T04:34:50.936Z,XBTUSD,Buy,2200,29243.5,ZeroPlusTick,323bfe65-3741-5bde-727b-db9c89d14103,7523032,0.07523032,2200.0,Regular
2023-07-28T04:34:50.936Z,XBTUSD,Buy,200,29243.5,ZeroPlusTick,b712253e-bd1c-034f-34ae-493b24b0838d,683912,0.00683912,200.0,Regular
2023-07-28T04:34:50.936Z,XBTUSD,Buy,3300,29244.0,PlusTick,18132cdc-e1b7-df5d-8e01-aa6ce182ae66,11284350,0.1128435,3300.0,Regular
2023-07-28T04:34:51.028Z,XBTUSD,Buy,3300,29244.5,PlusTick,3fc87335-42ea-1d1a-9f77-0c24071ca797,11284185,0.11284185,3300.0,Regular
2023-07-28T04:34:51.028Z,XBTUSD,Buy,1700,29245.0,PlusTick,0bcdd437-221d-807b-f19e-fec65099d8c3,5812963,0.05812963,1700.0,Regular
2023-07-28T04:34:54.023Z,XBTUSD,Sell,500,29246.5,PlusTick,b49824c4-0418-14e2-31c3-d868e86b2000,1709605,0.01709605,500.0,Regular
2023-07-28T04:34:54.023Z,XBTUSD,Sell,6100,29246.5,ZeroPlusTick,1c5e4548-632e-5f74-c9aa-bb538d6158c9,20857181,0.20857181,6100.0,Regular
2023-07-28T04:34:54.023Z,XBTUSD,Sell,2300,29246.5,ZeroPlusTick,f8385344-4bb8-9f27-1529-c2d62ec7eb4b,7864183,0.07864183,2300.0,Regular
2023-07-28T04:34:54.023Z,XBTUSD,Sell,900,29246.5,ZeroPlusTick,a8dd88cc-346b-9b8e-21f5-f320c1bd1d84,3077289,0.03077289,900.0,Regular
2023-07-28T04:34:54.023Z,XBTUSD,Sell,10000,29246.5,ZeroPlusTick,a3557b92-0e89-f98e-e5bf-c20634bb3936,34192100,0.341921,10000.0,Regular
2023-07-28T04:34:54.023Z,XBTUSD,Sell,1000,29246.5,ZeroPlusTick,f4ec3151-aaf7-affb-3422-93d8462c4412,3419210,0.0341921,1000.0,Regular
2023-07-28T04:34:54.023Z,XBTUSD,Sell,10100,29246.5,ZeroPlusTick,45031038-b9ef-de08-b580-aea267f85e9e,34534021,0.34534021,10100.0,Regular
2023-07-28T04:34:54.023Z,XBTUSD,Sell,400,29246.5,ZeroPlusTick,89ed5230-09f5-f84a-0d4a-fa5a5df5d41a,1367684,0.01367684,400.0,Regular
2023-07-28T04:34:55.883Z,XBTUSD,Sell,600,29243.0,MinusTick,f4736501-fd1d-6c81-e9ac-15d60cc79ee7,2051772,0.02051772,600.0,Regular
2023-07-28T04:34:55.883Z,XBTUSD,Sell,100,29243.0,ZeroMinusTick,3dab9158-bb67-2166-78bb-7fa5fd81b38a,341962,0.00341962,100.0,Regular
2023-07-28T04:34:55.883Z,XBTUSD,Sell,6700,29242.5,MinusTick,8d00c6f0-c4dd-736f-66e5-fdedc8d0a32b,22911856,0.22911856,6700.0,Regular
2023-07-28T04:34:55.949Z,XBTUSD,Sell,100,29243.0,PlusTick,396fb8f4-9779-6b03-bc67-ef2025f4f5f3,341962,0.00341962,100.0,Regular
2023-07-28T04:35:06.642Z,XBTUSD,Sell,1600,29241.0,MinusTick,b79f371f-9e03-48f3-3e81-235a5e589731,5471776,0.05471776,1600.0,Regular
2023-07-28T04:35:06.642Z,XBTUSD,Sell,13000,29241.0,ZeroMinusTick,df74c879-f597-018f-a99a-1b7c8cb4be67,44458180,0.4445818,13000.0,Regular
2023-07-28T04:35:06.642Z,XBTUSD,Sell,100,29241.0,ZeroMinusTick,3adef0b2-b67f-f59e-e9e9-6d67e3f16015,341986,0.00341986,100.0,Regular
2023-07-28T04:35:06.642Z,XBTUSD,Sell,2900,29241.0,ZeroMinusTick,2ee9b8fe-cfb4-8605-bb5a-a63319ae3492,9917594,0.09917594,2900.0,Regular
2023-07-28T04:35:06.642Z,XBTUSD,Sell,100,29241.0,ZeroMinusTick,bb567654-416c-df56-22b2-1c415b147da5,341986,0.00341986,100.0,Regular
2023-07-28T04:35:06.642Z,XBTUSD,Sell,4200,29241.0,ZeroMinusTick,5d6fff54-a740-f1a9-c6fc-cb73a133200e,14363412,0.14363412,4200.0,Regular
2023-07-28T04:35:06.642Z,XBTUSD,Sell,500,29241.0,ZeroMinusTick,bd6d720c-3e07-ba42-8455-4f053dd30bc3,1709930,0.0170993,500.0,Regular
2023-07-28T04:35:06.642Z,XBTUSD,Sell,100,29241.0,ZeroMinusTick,8cc88132-c42d-efb4-551c-84c22225346e,341986,0.00341986,100.0,Regular
2023-07-28T04:35:06.642Z,XBTUSD,Sell,100,29241.0,ZeroMinusTick,68ee0ee1-b2fa-e86c-1a45-1caafbf8ebc2,341986,0.00341986,100.0,Regular
2023-07-28T04:35:06.642Z,XBTUSD,Sell,100,29241.0,ZeroMinusTick,6a835882-8251-0c64-b828-7312e31f9b79,341986,0.00341986,100.0,Regular
2023-07-28T04:35:06.642Z,XBTUSD,Sell,44400,29241.0,ZeroMinusTick,1f14fb1a-72cc-8c85-2615-a495073899eb,151841784,1.51841784,44400.0,Regular
2023-07-28T04:35:06.642Z,XBTUSD,Sell,100,29241.0,ZeroMinusTick,ff712a06-1369-21ac-3f27-032d8c9a5487,341986,0.00341986,100.0,Regular
2023-07-28T04:35:06.642Z,XBTUSD,Sell,100,29241.0,ZeroMinusTick,879ed8da-a29e-ee8e-2a0a-11fbb2d499da,341986,0.00341986,100.0,Regular
2023-07-28T04:35:06.642Z,XBTUSD,Sell,100,29241.0,ZeroMinusTick,6a266146-8b37-19e9-fd67-f4d251bc9149,341986,0.00341986,100.0,Regular
2023-07-28T04:35:06.642Z,XBTUSD,Sell,100,29241.0,ZeroMinusTick,df1b7933-69e3-2156-77ce-9200a54d788c,341986,0.00341986,100.0,Regular
2023-07-28T04:35:06.642Z,XBTUSD,Sell,100,29241.0,ZeroMinusTick,459a8a1d-e328-d70c-4f03-d944ebad3f54,341986,0.00341986,100.0,Regular
2023-07-28T04:35:06.723Z,XBTUSD,Sell,5800,29240.5,MinusTick,e39eb5ee-42ba-19dc-436c-e8dc185a5097,19835478,0.19835478,5800.0,Regular
2023-07-28T04:35:06.723Z,XBTUSD,Sell,14000,29240.5,ZeroMinusTick,3cd56d8c-7e23-103e-f1c5-c7c30fcba15f,47878740,0.4787874,14000.0,Regular
2023-07-28T04:35:32.120Z,XBTUSD,Sell,100,29239.5,MinusTick,2747c6a7-821c-f1b5-2b88-7d8e4457e727,342003,0.00342003,100.0,Regular
2023-07-28T04:35:32.120Z,XBTUSD,Sell,100,29239.5,ZeroMinusTick,a602209e-d84f-a2f1-3a04-a4940e4492bf,342003,0.00342003,100.0,Regular
2023-07-28T04:35:32.120Z,XBTUSD,Sell,100,29239.5,ZeroMinusTick,8919bb06-8183-c45e-5365-30220e80253b,342003,0.00342003,100.0,Regular
2023-07-28T04:35:32.120Z,XBTUSD,Sell,100,29239.5,ZeroMinusTick,34f47625-6bab-c3de-8216-1c23b5c325a4,342003,0.00342003,100.0,Regular
2023-07-28T04:35:32.120Z,XBTUSD,Sell,100,29239.5,ZeroMinusTick,beacfb36-2025-8b19-7289-07c9d2294772,342003,0.00342003,100.0,Regular
2023-07-28T04:35:32.120Z,XBTUSD,Sell,100,29239.5,ZeroMinusTick,60a38540-7c59-0487-9f0b-09c54434da2c,342003,0.00342003,100.0,Regular
2023-07-28T04:35:32.120Z,XBTUSD,Sell,100,29239.5,ZeroMinusTick,71f09074-aa17-5de8-2a23-e5dfa07f0028,342003,0.00342003,100.0,Regular
2023-07-28T04:35:32.120Z,XBTUSD,Sell,100,29239.5,ZeroMinusTick,a8ab4de6-8db7-25dc-3519-169dfa90354a,342003,0.00342003,100.0,Regular
2023-07-28T04:35:32.120Z,XBTUSD,Sell,100,29239.5,ZeroMinusTick,0cb15a98-91c3-c646-f0f3-27bdb610ebac,342003,0.00342003,100.0,Regular
2023-07-28T04:35:32.120Z,XBTUSD,Sell,100,29239.5,ZeroMinusTick,e03f1687-973a-9129-bbaa-ade8878c67d6,342003,0.00342003,100.0,Regular
2023-07-28T04:35:32.120Z,XBTUSD,Sell,100,29239.5,ZeroMinusTick,14037f63-d994-09b8-a8da-d1c3616d8948,342003,0.00342003,100.0,Regular
2023-07-28T04:35:32.120Z,XBTUSD,Sell,100,29239.5,ZeroMinusTick,5ef0a73e-6aef-6acb-240f-d13102d57871,342003,0.00342003,100.0,Regular
2023-07-28T04:35:32.120Z,XBTUSD,Sell,400,29239.5,ZeroMinusTick,c8205226-0129-a417-511f-e20793fa0869,1368012,0.01368012,400.0,Regular
2023-07-28T04:35:32.120Z,XBTUSD,Sell,11800,29239.5,ZeroMinusTick,8988ba98-a265-897f-2034-58b5ea250929,40356354,0.40356354,11800.0,Regular
2023-07-28T04:35:32.120Z,XBTUSD,Sell,1100,29239.5,ZeroMinusTick,71e3fd4a-b903-eb28-48fe-b02285274551,3762033,0.03762033,1100.0,Regular
2023-07-28T04:35:32.120Z,XBTUSD,Sell,3300,29239.5,ZeroMinusTick,67fdde38-0a65-e660-b994-6a3e902b2370,11286099,0.11286099,3300.0,Regular
2023-07-28T04:35:32.120Z,XBTUSD,Sell,200,29239.5,ZeroMinusTick,d92590d1-c735-5133-9542-7012559be3ac,684006,0.00684006,200.0,Regular
2023-07-28T04:35:32.120Z,XBTUSD,Sell,300,29239.5,ZeroMinusTick,d9da81a3-79e4-6f01-ebb7-c36230faca32,1026009,0.01026009,300.0,Regular
2023-07-28T04:35:32.120Z,XBTUSD,Sell,2500,29239.5,ZeroMinusTick,838190ac-a78f-b6e3-c2b1-fd2614c039ce,8550075,0.08550075,2500.0,Regular
2023-07-28T04:35:32.120Z,XBTUSD,Sell,200,29239.5,ZeroMinusTick,12af5fbb-61d6-4bbe-65b4-75a671385581,684006,0.00684006,200.0,Regular
2023-07-28T04:35:32.120Z,XBTUSD,Sell,2100,29239.5,ZeroMinusTick,dcbac339-409c-f0a9-5287-05d48ae0e925,7182063,0.07182063,2100.0,Regular
2023-07-28T04:36:24.254Z,XBTUSD,Sell,6700,29237.5,MinusTick,7ae7f462-a5db-4c21-2301-fe9f4429f691,22915809,0.22915809,6700.0,Regular
2023-07-28T04:36:24.254Z,XBTUSD,Sell,1600,29237.5,ZeroMinusTick,907d2698-55a8-ec19-0cfb-a0b7fbe93f5f,5472432,0.05472432,1600.0,Regular
2023-07-28T04:36:24.254Z,XBTUSD,Sell,2700,29237.5,ZeroMinusTick,63056ce8-3401-064a-bb99-923fc42ca45c,9234729,0.09234729,2700.0,Regular
2023-07-28T04:36:24.254Z,XBTUSD,Sell,200,29237.5,ZeroMinusTick,79bf2063-1bf8-62dc-061f-1cbc059acd63,684054,0.00684054,200.0,Regular
2023-07-28T04:36:24.254Z,XBTUSD,Sell,22900,29237.5,ZeroMinusTick,158832a9-dd6e-cebd-7038-ef1873611915,78324183,0.78324183,22900.0,Regular
2023-07-28T04:36:24.254Z,XBTUSD,Sell,14500,29237.5,ZeroMinusTick,70f552c5-c36d-881a-59e2-17d1f52f66c1,49593915,0.49593915,14500.0,Regular
2023-07-28T04:36:24.254Z,XBTUSD,Sell,200,29237.5,ZeroMinusTick,bb38c828-9ce9-21a7-54b8-8a3369d2e121,684054,0.00684054,200.0,Regular
2023-07-28T04:36:24.254Z,XBTUSD,Sell,800,29237.5,ZeroMinusTick,70a95c92-cacc-d8da-a969-27950f737298,2736216,0.02736216,800.0,Regular
2023-07-28T04:36:24.254Z,XBTUSD,Sell,100,29237.5,ZeroMinusTick,b52be5fa-2a46-eb0d-2175-eb7295b33d5a,342027,0.00342027,100.0,Regular
2023-07-28T04:36:24.254Z,XBTUSD,Sell,200,29237.5,ZeroMinusTick,bbfcd893-c24d-7f56-0a9e-7d3d7b3410b9,684054,0.00684054,200.0,Regular
2023-07-28T04:36:24.254Z,XBTUSD,Sell,3000,29237.5,ZeroMinusTick,d8333f0a-ea51-3c0c-5da3-64ca8f91ea49,10260810,0.1026081,3000.0,Regular
2023-07-28T04:36:24.254Z,XBTUSD,Sell,600,29237.5,ZeroMinusTick,8ec32563-5a18-dfa3-d66d-64de90dd74d3,2052162,0.02052162,600.0,Regular
2023-07-28T04:36:24.254Z,XBTUSD,Sell,100,29237.5,ZeroMinusTick,2abb0778-fa35-27a2-886d-b4b553794c22,342027,0.00342027,100.0,Regular
2023-07-28T04:36:24.254Z,XBTUSD,Sell,500,29237.5,ZeroMinusTick,05baac37-e2a0-e5a8-b745-543560ffba7e,1710135,0.01710135,500.0,Regular
2023-07-28T04:36:24.254Z,XBTUSD,Sell,200,29237.5,ZeroMinusTick,25215fb8-b4bf-7356-5a29-2c8dc7bcd0d7,684054,0.00684054,200.0,Regular
2023-07-28T04:36:24.254Z,XBTUSD,Sell,300,29237.5,ZeroMinusTick,8b73f2d3-4951-ff87-8c7c-26af134a4d83,1026081,0.01026081,300.0,Regular
2023-07-28T04:36:24.254Z,XBTUSD,Sell,300,29237.5,ZeroMinusTick,257a628d-e85d-4367-0cea-3c5a8a85dcfc,1026081,0.01026081,300.0,Regular
2023-07-28T04:36:24.254Z,XBTUSD,Sell,100,29237.5,ZeroMinusTick,68b722a9-2de5-950d-6f1e-86c1a21b9fc7,342027,0.00342027,100.0,Regular
2023-07-28T04:36:24.254Z,XBTUSD,Sell,100,29237.5,ZeroMinusTick,fcf661bd-561e-64ad-b642-d8c835a56742,342027,0.00342027,100.0,Regular
2023-07-28T04:36:24.254Z,XBTUSD,Sell,8000,29237.5,ZeroMinusTick,e2308b9d-0040-78f3-6d0d-16b5a4115d2f,27362160,0.2736216,8000.0,Regular
2023-07-28T04:36:24.289Z,XBTUSD,Sell,100,29236.5,MinusTick,7ae88677-f704-39c4-0a57-cdce7df0c590,342038,0.00342038,100.0,Regular
2023-07-28T04:37:00.346Z,XBTUSD,Sell,10000,29233.5,MinusTick,8d8b455c-445f-602f-9483-6da26ab06e09,34207300,0.342073,10000.0,Regular
2023-07-28T04:37:00.346Z,XBTUSD,Sell,100,29233.5,ZeroMinusTick,4341be19-64e7-4074-2cb9-c5bc4d25607e,342073,0.00342073,100.0,Regular
2023-07-28T04:37:00.346Z,XBTUSD,Sell,1600,29233.5,ZeroMinusTick,ece8dc3f-fe5b-8638-5973-fcb2147b3e49,5473168,0.05473168,1600.0,Regular
2023-07-28T04:37:00.346Z,XBTUSD,Sell,200,29233.5,ZeroMinusTick,ee0d654f-2e90-be89-33a6-b78b8909c28b,684146,0.00684146,200.0,Regular
2023-07-28T04:37:00.346Z,XBTUSD,Sell,100,29233.5,ZeroMinusTick,769e62c1-7ecb-08c0-e536-5eb074fde1a2,342073,0.00342073,100.0,Regular
2023-07-28T04:37:00.346Z,XBTUSD,Sell,600,29233.5,ZeroMinusTick,53fbc6c1-8c81-1736-c708-be8cc54b71b8,2052438,0.02052438,600.0,Regular
2023-07-28T04:37:00.346Z,XBTUSD,Sell,100,29233.5,ZeroMinusTick,f98dbd85-9f88-9092-ae52-8168e68f96bf,342073,0.00342073,100.0,Regular
2023-07-28T04:37:00.346Z,XBTUSD,Sell,700,29233.5,ZeroMinusTick,95f2792f-15b4-b4f4-3047-9bb876909c71,2394511,0.02394511,700.0,Regular
2023-07-28T04:37:00.346Z,XBTUSD,Sell,100,29233.5,ZeroMinusTick,6d7c1fc1-bdd7-cde5-3c3b-05fe0126ae81,342073,0.00342073,100.0,Regular
2023-07-28T04:37:00.346Z,XBTUSD,Sell,100,29233.5,ZeroMinusTick,9536a99f-00d7-78d5-fd3e-48681d18f3bd,342073,0.00342073,100.0,Regular
2023-07-28T04:37:00.346Z,XBTUSD,Sell,100,29233.5,ZeroMinusTick,5d887ed3-af11-d409-2486-42bf1bc89d97,342073,0.00342073,100.0,Regular
2023-07-28T04:37:00.346Z,XBTUSD,Sell,43300,29233.5,ZeroMinusTick,470f48eb-2667-0e56-12a4-77b0f44d5a81,148117609,1.48117609,43300.0,Regular
2023-07-28T04:37:00.346Z,XBTUSD,Sell,24900,29233.5,ZeroMinusTick,50417511-695e-f541-c048-56e7ee557a67,85176177,0.85176177,24900.0,Regular
2023-07-28T04:37:42.075Z,XBTUSD,Sell,200,29232.5,MinusTick,d461d85d-c68e-3b77-bedc-234c96169d2d,684170,0.0068417,200.0,Regular
2023-07-28T04:37:42.075Z,XBTUSD,Sell,3800,29232.5,ZeroMinusTick,814f5830-8424-d36d-1697-d0d6e7444359,12999230,0.1299923,3800.0,Regular
2023-07-28T04:37:42.075Z,XBTUSD,Sell,200,29232.5,ZeroMinusTick,afdba8c5-9c93-42c4-1605-910e6bc32ff8,684170,0.0068417,200.0,Regular
2023-07-28T04:37:42.075Z,XBTUSD,Sell,100,29232.5,ZeroMinusTick,d5547e43-3cf6-ae1a-0c72-71f7612f651c,342085,0.00342085,100.0,Regular
2023-07-28T04:37:42.075Z,XBTUSD,Sell,100,29232.5,ZeroMinusTick,a3730201-f3c1-d799-b22d-c009e5288856,342085,0.00342085,100.0,Regular
2023-07-28T04:37:42.075Z,XBTUSD,Sell,100,29232.5,ZeroMinusTick,1d724803-4ba2-5809-c758-f256c35487ce,342085,0.00342085,100.0,Regular
2023-07-28T04:37:42.075Z,XBTUSD,Sell,500,29232.5,ZeroMinusTick,52e76ad6-e7cc-fa05-b871-7e8cc7110d83,1710425,0.01710425,500.0,Regular
2023-07-28T04:37:56.480Z,XBTUSD,Sell,100,29229.5,MinusTick,b4e7e474-30c0-189c-a36e-c8c7b95915c9,342120,0.0034212,100.0,Regular
2023-07-28T04:38:00.003Z,XBTUSD,Buy,2000,29230.0,PlusTick,979ef891-cb0f-b1ca-ff9c-f00406cec778,6842280,0.0684228,2000.0,Regular
2023-07-28T04:38:03.147Z,XBTUSD,Sell,200,29229.5,MinusTick,0e59877e-9fc1-9d2d-2514-c54cbe9e8866,684240,0.0068424,200.0,Regular
2023-07-28T04:38:03.147Z,XBTUSD,Sell,1000,29229.5,ZeroMinusTick,e89416b9-1924-dc83-b646-a43dcae6a6d2,3421200,0.034212,1000.0,Regular
2023-07-28T04:38:03.147Z,XBTUSD,Sell,14800,29229.0,MinusTick,8b6edbe8-d3cc-a628-4cd2-718f01b8477c,50634648,0.50634648,14800.0,Regular
2023-07-28T04:38:39.806Z,XBTUSD,Sell,25000,29228.5,MinusTick,065263ee-9f57-b1d0-37f2-12af40d31b64,85533000,0.85533,25000.0,Regular
2023-07-28T04:38:39.806Z,XBTUSD,Sell,10000,29228.5,ZeroMinusTick,86c6d5a1-e5e7-d568-164c-a72a910aa2a9,34213200,0.342132,10000.0,Regular
2023-07-28T04:38:39.806Z,XBTUSD,Sell,100,29228.5,ZeroMinusTick,360881cb-c757-9967-71da-8d006b4146c4,342132,0.00342132,100.0,Regular
2023-07-28T04:38:39.806Z,XBTUSD,Sell,100,29228.5,ZeroMinusTick,6fef05e1-a73e-c489-f37f-5340257fc25f,342132,0.00342132,100.0,Regular
2023-07-28T04:38:39.806Z,XBTUSD,Sell,200,29228.5,ZeroMinusTick,b4fcdb8a-2b53-d759-d804-831758aa6987,684264,0.00684264,200.0,Regular
2023-07-28T04:38:39.806Z,XBTUSD,Sell,100,29228.5,ZeroMinusTick,d44c54a7-0929-d62d-ea5d-2a8b656015ce,342132,0.00342132,100.0,Regular
2023-07-28T04:38:39.819Z,XBTUSD,Sell,800,29227.5,MinusTick,cfbd453b-0c07-2c4c-e2af-7b1f8fc46b44,2737152,0.02737152,800.0,Regular
2023-07-28T04:38:39.819Z,XBTUSD,Sell,800,29227.0,MinusTick,feb6a551-5cd9-4573-0247-5b4553f859e3,2737192,0.02737192,800.0,Regular
2023-07-28T04:38:39.842Z,XBTUSD,Sell,8600,29226.5,MinusTick,015b9690-76f8-751b-de01-8d649e8d529d,29425330,0.2942533,8600.0,Regular
2023-07-28T04:38:39.842Z,XBTUSD,Sell,33700,29226.5,ZeroMinusTick,e3755adf-d50f-a894-f150-e6f6a93531f8,115306235,1.15306235,33700.0,Regular
2023-07-28T04:38:39.842Z,XBTUSD,Sell,21900,29226.5,ZeroMinusTick,0b115fe7-2d64-f8e1-bea0-3cb1e34a14f1,74931945,0.74931945,21900.0,Regular
2023-07-28T04:39:14.574Z,XBTUSD,Sell,5800,29225.5,MinusTick,3e71b901-086d-3e13-9a61-67c512ba19f2,19845686,0.19845686,5800.0,Regular
2023-07-28T04:39:14.574Z,XBTUSD,Sell,100,29225.5,ZeroMinusTick,6e2c9bcb-7b29-243b-a4a4-9ff4a45693e6,342167,0.00342167,100.0,Regular
2023-07-28T04:39:14.574Z,XBTUSD,Sell,39000,29225.5,ZeroMinusTick,781848cc-4c8d-99cb-78f6-fd044efc9fce,133445130,1.3344513,39000.0,Regular
2023-07-28T04:40:59.618Z,XBTUSD,Buy,300,29226.0,PlusTick,1bd35582-9b60-3097-6bcc-354cf83d0667,1026483,0.01026483,300.0,Regular
2023-07-28T04:40:59.618Z,XBTUSD,Buy,64500,29226.0,ZeroPlusTick,a56573cc-95f2-48c5-7aa8-dcddc044852e,220693845,2.20693845,64500.0,Regular
2023-07-28T04:40:59.621Z,XBTUSD,Buy,8500,29226.0,ZeroPlusTick,53cc6dc2-fd9d-c36b-2ec5-a850c45db2d1,29083685,0.29083685,8500.0,Regular
2023-07-28T04:40:59.621Z,XBTUSD,Buy,2900,29226.0,ZeroPlusTick,681b814f-411a-33a2-d701-c4636664e386,9922669,0.09922669,2900.0,Regular
2023-07-28T04:40:59.621Z,XBTUSD,Buy,2900,29226.0,ZeroPlusTick,6144623b-e3ff-49c7-b71b-70ee78f95a3c,9922669,0.09922669,2900.0,Regular
2023-07-28T04:40:59.621Z,XBTUSD,Buy,2900,29226.0,ZeroPlusTick,1ccd6be7-4405-ee3c-9675-296052c430a3,9922669,0.09922669,2900.0,Regular
2023-07-28T04:40:59.621Z,XBTUSD,Buy,2900,29226.0,ZeroPlusTick,ebe5ee24-5b51-ac61-968d-61e43859e172,9922669,0.09922669,2900.0,Regular
2023-07-28T04:40:59.621Z,XBTUSD,Buy,2900,29226.0,ZeroPlusTick,63581d2f-71c9-b3e3-96f1-fe2e33baa0a6,9922669,0.09922669,2900.0,Regular
2023-07-28T04:40:59.621Z,XBTUSD,Buy,2900,29226.0,ZeroPlusTick,4a642272-44c6-f04d-cba8-d237e4771931,9922669,0.09922669,2900.0,Regular
2023-07-28T04:40:59.621Z,XBTUSD,Buy,2900,29226.0,ZeroPlusTick,9cfdbe52-ad09-a0eb-b899-4cd3285c16ef,9922669,0.09922669,2900.0,Regular
2023-07-28T04:40:59.621Z,XBTUSD,Buy,29900,29226.0,ZeroPlusTick,b8e637e7-cf82-6d4c-0eba-232b4d1c788c,102306139,1.02306139,29900.0,Regular
2023-07-28T04:40:59.621Z,XBTUSD,Buy,200,29226.0,ZeroPlusTick,2a198d35-e660-1296-c932-97cb6def96c5,684322,0.00684322,200.0,Regular
2023-07-28T04:40:59.621Z,XBTUSD,Buy,8500,29226.0,ZeroPlusTick,02ae5edd-622e-031b-6b7a-1b412d9050f3,29083685,0.29083685,8500.0,Regular
2023-07-28T04:40:59.621Z,XBTUSD,Buy,4400,29226.0,ZeroPlusTick,af7d89f0-4948-7141-55af-09ef6a1c9b3f,15055084,0.15055084,4400.0,Regular
2023-07-28T04:40:59.621Z,XBTUSD,Buy,1100,29226.0,ZeroPlusTick,480d6acd-4ede-5b04-05d0-336d9e9c607c,3763771,0.03763771,1100.0,Regular
2023-07-28T04:40:59.633Z,XBTUSD,Buy,22700,29227.0,PlusTick,d8430761-8264-f308-4207-67923b6c4b01,77667823,0.77667823,22700.0,Regular
2023-07-28T04:41:13.032Z,XBTUSD,Buy,2000,29227.5,PlusTick,5a9b5c04-7868-30e4-2ba0-259a21ece589,6842880,0.0684288,2000.0,Regular
2023-07-28T04:41:13.032Z,XBTUSD,Buy,100,29227.5,ZeroPlusTick,4dfce1b5-ea26-1277-6c6a-fb5c70d41e96,342144,0.00342144,100.0,Regular
2023-07-28T04:44:03.166Z,XBTUSD,Buy,55900,29232.5,PlusTick,9322a608-f536-4154-0f34-8a23c86d2163,191225515,1.91225515,55900.0,Regular
2023-07-28T04:44:03.166Z,XBTUSD,Buy,74500,29232.5,ZeroPlusTick,cc0c954c-e7e5-0871-b305-7b0715f93681,254853325,2.54853325,74500.0,Regular
2023-07-28T04:44:03.166Z,XBTUSD,Buy,5000,29232.5,ZeroPlusTick,20965e63-69ee-71ea-0b60-66f0eb46157e,17104250,0.1710425,5000.0,Regular
2023-07-28T04:44:03.166Z,XBTUSD,Buy,26300,29232.5,ZeroPlusTick,d185390e-ca0a-812c-e1bf-efd8467f2183,89968355,0.89968355,26300.0,Regular
2023-07-28T04:44:22.519Z,XBTUSD,Sell,7500,29232.0,MinusTick,7b14f349-aa26-9185-c096-30829ea608b1,25656825,0.25656825,7500.0,Regular
2023-07-28T04:44:34.673Z,XBTUSD,Buy,30000,29232.5,PlusTick,b25b07bd-7768-01b8-5f48-0a7361b4e636,102625500,1.026255,30000.0,Regular
2023-07-28T04:44:34.673Z,XBTUSD,Buy,700,29232.5,ZeroPlusTick,30f83b25-8ae0-2b94-4a2b-a30acc007060,2394595,0.02394595,700.0,Regular
2023-07-28T04:44:34.678Z,XBTUSD,Buy,8800,29232.5,ZeroPlusTick,ca60ee31-b1b9-f48f-e587-3e679048a289,30103480,0.3010348,8800.0,Regular
2023-07-28T04:44:34.678Z,XBTUSD,Buy,5000,29232.5,ZeroPlusTick,5332afcd-de7f-6a1a-32b7-81e9be0ecf64,17104250,0.1710425,5000.0,Regular
2023-07-28T04:44:34.678Z,XBTUSD,Buy,29200,29232.5,ZeroPlusTick,b1c19f4c-5cf1-1516-f2c9-d609ea893b75,99888820,0.9988882,29200.0,Regular
2023-07-28T04:44:34.703Z,XBTUSD,Buy,100,29233.0,PlusTick,4d0b0c55-0dd9-5302-2a65-05d4bd545cc7,342079,0.00342079,100.0,Regular
2023-07-28T04:44:34.727Z,XBTUSD,Buy,1000,29232.5,MinusTick,320f5917-e2a1-e9ca-cc66-bc56361492c5,3420850,0.0342085,1000.0,Regular
2023-07-28T04:45:00.430Z,XBTUSD,Buy,5800,29234.0,PlusTick,7791a4fc-672d-fc2c-2482-e0c1b88f409e,19839886,0.19839886,5800.0,Regular
2023-07-28T04:45:00.430Z,XBTUSD,Buy,10000,29234.0,ZeroPlusTick,3e5d9d55-d93e-aac6-6c13-054c03ab1e6e,34206700,0.342067,10000.0,Regular
2023-07-28T04:45:00.430Z,XBTUSD,Buy,10000,29234.0,ZeroPlusTick,45483035-88a2-ce0e-590e-7f1074fe713c,34206700,0.342067,10000.0,Regular
2023-07-28T04:45:02.430Z,XBTUSD,Buy,30000,29237.0,PlusTick,1f8e2b46-1d0a-c73f-193e-344097404eb9,102609600,1.026096,30000.0,Regular
2023-07-28T04:46:13.201Z,XBTUSD,Sell,28200,29241.0,PlusTick,3cef688a-5e53-e3c1-1503-2e8476cb3d84,96440052,0.96440052,28200.0,Regular
2023-07-28T04:46:13.201Z,XBTUSD,Sell,200,29241.0,ZeroPlusTick,b8d995d7-6191-b586-1c30-d989aed8fee5,683972,0.00683972,200.0,Regular
2023-07-28T04:46:13.201Z,XBTUSD,Sell,4000,29241.0,ZeroPlusTick,9657f082-639e-2d36-fea8-52d2e06e3182,13679440,0.1367944,4000.0,Regular
2023-07-28T04:46:13.201Z,XBTUSD,Sell,15800,29241.0,ZeroPlusTick,6a14bd6c-947b-f632-db1b-3d8461b8c4a9,54033788,0.54033788,15800.0,Regular
2023-07-28T04:46:13.201Z,XBTUSD,Sell,27200,29241.0,ZeroPlusTick,f62bfc2b-8433-202a-533d-f05f16ea3371,93020192,0.93020192,27200.0,Regular
2023-07-28T04:46:13.201Z,XBTUSD,Sell,17800,29241.0,ZeroPlusTick,b73b0954-7bf3-8cc7-d6c8-d3c7bf891b16,60873508,0.60873508,17800.0,Regular
2023-07-28T04:46:13.201Z,XBTUSD,Sell,700,29241.0,ZeroPlusTick,d97cccb1-a57f-24b9-da23-0f942ff39792,2393902,0.02393902,700.0,Regular
2023-07-28T04:46:13.201Z,XBTUSD,Sell,6400,29241.0,ZeroPlusTick,88e27463-4a3d-455d-58a1-6749558cdc3f,21887104,0.21887104,6400.0,Regular
2023-07-28T04:46:13.201Z,XBTUSD,Sell,83300,29241.0,ZeroPlusTick,e044a41a-8bec-4a51-5a00-610618f9a45b,284874338,2.84874338,83300.0,Regular
2023-07-28T04:46:13.201Z,XBTUSD,Sell,400,29241.0,ZeroPlusTick,9867ddd9-ea33-56df-9451-2b7582049fbc,1367944,0.01367944,400.0,Regular
2023-07-28T04:46:13.201Z,XBTUSD,Sell,200,29241.0,ZeroPlusTick,080b4f0f-bda3-ce21-17dc-21c6283e9ae6,683972,0.00683972,200.0,Regular
2023-07-28T04:46:13.201Z,XBTUSD,Sell,9400,29241.0,ZeroPlusTick,f398eda4-024f-4a77-a266-63ea5374e515,32146684,0.32146684,9400.0,Regular
2023-07-28T04:46:13.201Z,XBTUSD,Sell,7700,29241.0,ZeroPlusTick,2028254f-f369-8752-f598-04f6a9e73156,26332922,0.26332922,7700.0,Regular
2023-07-28T04:46:13.201Z,XBTUSD,Sell,2500,29241.0,ZeroPlusTick,d2c4e074-402d-7f20-0fda-05061d4b625a,8549650,0.0854965,2500.0,Regular
2023-07-28T04:46:13.201Z,XBTUSD,Sell,18000,29241.0,ZeroPlusTick,f4a29735-e1b8-eb1d-1179-9e9317aeae7c,61557480,0.6155748,18000.0,Regular
2023-07-28T04:46:13.201Z,XBTUSD,Sell,32100,29241.0,ZeroPlusTick,70d2a356-d092-307f-ccfa-8f5b12506645,109777506,1.09777506,32100.0,Regular
2023-07-28T04:46:13.201Z,XBTUSD,Sell,34900,29241.0,ZeroPlusTick,82367c0a-9eaa-0234-5894-bc7a5c9a7234,119353114,1.19353114,34900.0,Regular
2023-07-28T04:46:13.201Z,XBTUSD,Sell,50300,29241.0,ZeroPlusTick,7e8dfee7-c5d5-c324-6cd2-d9467684be33,172018958,1.72018958,50300.0,Regular
2023-07-28T04:46:13.201Z,XBTUSD,Sell,100,29241.0,ZeroPlusTick,abe2e540-d1bb-1d8b-9115-8083e696f93d,341986,0.00341986,100.0,Regular
2023-07-28T04:48:00.168Z,XBTUSD,Buy,9900,29237.0,MinusTick,5db207cd-5e3f-6d5e-5db2-5d7e773c6959,33861168,0.33861168,9900.0,Regular
2023-07-28T04:48:00.257Z,XBTUSD,Buy,31100,29237.0,ZeroMinusTick,0a55067a-9c79-41d1-1bc0-7ea8d68bb871,106371952,1.06371952,31100.0,Regular
2023-07-28T04:48:00.298Z,XBTUSD,Buy,16500,29237.0,ZeroMinusTick,0efc20a3-f39d-416f-2a13-ae8d82a4203b,56435280,0.5643528,16500.0,Regular
2023-07-28T04:48:00.298Z,XBTUSD,Buy,600,29237.0,ZeroMinusTick,e3f90c90-1e56-46f6-0262-f7b347443b4b,2052192,0.02052192,600.0,Regular
2023-07-28T04:48:00.298Z,XBTUSD,Buy,4900,29237.0,ZeroMinusTick,1bdbb870-30ed-e8e5-2d7b-bd0b350d36a2,16759568,0.16759568,4900.0,Regular
2023-07-28T04:48:00.298Z,XBTUSD,Buy,10200,29237.0,ZeroMinusTick,65c0c5ee-30c1-4d1a-d7b3-46a03f328c2b,34887264,0.34887264,10200.0,Regular
2023-07-28T04:48:00.298Z,XBTUSD,Buy,1400,29237.0,ZeroMinusTick,151fd5f6-5d82-ed25-9933-72699e192775,4788448,0.04788448,1400.0,Regular
2023-07-28T04:48:00.298Z,XBTUSD,Buy,100,29237.0,ZeroMinusTick,8c437a38-c96a-200c-5d67-fc1864d83306,342032,0.00342032,100.0,Regular
2023-07-28T04:48:00.298Z,XBTUSD,Buy,400,29237.0,ZeroMinusTick,a3130349-5ff0-baa5-141d-79c245d01d31,1368128,0.01368128,400.0,Regular
2023-07-28T04:48:00.314Z,XBTUSD,Buy,1700,29237.0,ZeroMinusTick,ff9871be-7cbf-36fa-c5e8-936b27d0705c,5814544,0.05814544,1700.0,Regular
2023-07-28T04:48:02.409Z,XBTUSD,Buy,7900,29237.0,ZeroMinusTick,5e7b01d3-234a-fc59-d2de-631ffc215ec2,27020528,0.27020528,7900.0,Regular
2023-07-28T04:48:02.409Z,XBTUSD,Buy,300,29237.0,ZeroMinusTick,f3c342aa-45b7-b662-6159-b13ca6a648ac,1026096,0.01026096,300.0,Regular
2023-07-28T04:48:26.208Z,XBTUSD,Buy,1000,29241.0,PlusTick,51870d6f-de7a-2441-8a3e-6936df68d085,3419860,0.0341986,1000.0,Regular
2023-07-28T04:48:26.208Z,XBTUSD,Buy,100,29241.5,PlusTick,ddd00101-ddcf-e544-6d9c-7e1227e98b9c,341980,0.0034198,100.0,Regular
2023-07-28T04:48:26.210Z,XBTUSD,Buy,40400,29242.5,PlusTick,93acff0b-812f-907d-b64d-d486ec19c8d3,138155072,1.38155072,40400.0,Regular
2023-07-28T04:48:29.313Z,XBTUSD,Buy,30000,29243.5,PlusTick,0ea43b9d-e756-0219-3f7f-84ba8e153fce,102586800,1.025868,30000.0,Regular
2023-07-28T04:48:29.313Z,XBTUSD,Buy,16500,29243.5,ZeroPlusTick,53b30d71-dbc1-ad22-b0a7-bbc83ebc4298,56422740,0.5642274,16500.0,Regular
2023-07-28T04:48:29.313Z,XBTUSD,Buy,16500,29243.5,ZeroPlusTick,6ef54d04-13fa-7969-589b-0e552fe03dfe,56422740,0.5642274,16500.0,Regular
2023-07-28T04:48:43.589Z,XBTUSD,Buy,100,29245.5,PlusTick,2bbd253f-0622-d139-d579-586ae859b53e,341933,0.00341933,100.0,Regular
2023-07-28T04:48:43.589Z,XBTUSD,Buy,2900,29245.5,ZeroPlusTick,f6a93ac4-9179-293f-fed1-8266c334f34e,9916057,0.09916057,2900.0,Regular
2023-07-28T04:48:43.589Z,XBTUSD,Buy,2000,29245.5,ZeroPlusTick,9d087e4b-8ead-3703-bd12-256cbbb8fd2c,6838660,0.0683866,2000.0,Regular
2023-07-28T04:48:57.737Z,XBTUSD,Buy,900,29245.5,ZeroPlusTick,a6b5141d-be33-8f76-4451-0e21760b9fb1,3077397,0.03077397,900.0,Regular
2023-07-28T04:49:08.142Z,XBTUSD,Buy,1900,29245.5,ZeroPlusTick,129aca64-9a25-dd70-7106-80d3a4f32aff,6496727,0.06496727,1900.0,Regular
2023-07-28T04:49:12.156Z,XBTUSD,Buy,3200,29245.5,ZeroPlusTick,9894bad4-5b42-5321-40c7-0bd339d64fd2,10941856,0.10941856,3200.0,Regular
2023-07-28T04:49:12.156Z,XBTUSD,Buy,2900,29245.5,ZeroPlusTick,89be7329-a63b-ce26-353c-e0e1f25ec3ba,9916057,0.09916057,2900.0,Regular
2023-07-28T04:49:28.107Z,XBTUSD,Buy,100,29247.0,PlusTick,d26dc6ea-41d9-8fb0-79c8-165f7bf79fc3,341915,0.00341915,100.0,Regular
2023-07-28T04:49:28.107Z,XBTUSD,Buy,1400,29247.0,ZeroPlusTick,7f2fdae1-a9d5-c3b0-db07-62af1f91e872,4786810,0.0478681,1400.0,Regular
2023-07-28T04:50:04.642Z,XBTUSD,Buy,2900,29247.0,ZeroPlusTick,fedab59b-fc1e-9be8-e6d2-68ef62d4de34,9915535,0.09915535,2900.0,Regular
2023-07-28T04:50:04.642Z,XBTUSD,Buy,2900,29247.0,ZeroPlusTick,8c641b16-15ee-e65e-2d40-ce58749d0682,9915535,0.09915535,2900.0,Regular
2023-07-28T04:50:04.642Z,XBTUSD,Buy,2900,29247.0,ZeroPlusTick,e0fd8ee6-3ec1-96b9-1a9d-9400336965e5,9915535,0.09915535,2900.0,Regular
2023-07-28T04:50:04.642Z,XBTUSD,Buy,10000,29247.0,ZeroPlusTick,16fdc0e6-c437-2626-c34a-c18741beae53,34191500,0.341915,10000.0,Regular
2023-07-28T04:50:04.642Z,XBTUSD,Buy,2900,29247.0,ZeroPlusTick,d84ef27e-c1e7-7660-f747-0238d7463c4f,9915535,0.09915535,2900.0,Regular
2023-07-28T04:50:04.642Z,XBTUSD,Buy,200,29247.0,ZeroPlusTick,f400345f-b517-0679-d3e6-2a3972da7f56,683830,0.0068383,200.0,Regular
2023-07-28T04:50:04.642Z,XBTUSD,Buy,18000,29247.5,PlusTick,05af560a-8f4b-11ce-c2e6-cd1a603d53c2,61543800,0.615438,18000.0,Regular
2023-07-28T04:51:21.345Z,XBTUSD,Sell,500,29248.0,PlusTick,80c94c78-453b-8078-e89a-5cb0c7e8b559,1709520,0.0170952,500.0,Regular
2023-07-28T04:51:21.345Z,XBTUSD,Sell,100,29248.0,ZeroPlusTick,bb52b9fe-5f3c-7bbc-69ee-230e6447aee6,341904,0.00341904,100.0,Regular
2023-07-28T04:51:21.345Z,XBTUSD,Sell,6100,29248.0,ZeroPlusTick,bbe85785-0bf0-cf22-5b45-1f025ed05a62,20856144,0.20856144,6100.0,Regular
2023-07-28T04:51:21.345Z,XBTUSD,Sell,3600,29248.0,ZeroPlusTick,6ce41cf8-fa22-f6ba-dd88-db9aab3c4a1d,12308544,0.12308544,3600.0,Regular
2023-07-28T04:51:21.345Z,XBTUSD,Sell,24500,29248.0,ZeroPlusTick,07ddb5fa-d90c-c2b4-8596-fed0176b25fe,83766480,0.8376648,24500.0,Regular
2023-07-28T04:51:21.345Z,XBTUSD,Sell,2100,29248.0,ZeroPlusTick,87ea1183-9951-56e1-3a96-351689e4da6a,7179984,0.07179984,2100.0,Regular
2023-07-28T04:51:21.345Z,XBTUSD,Sell,33600,29248.0,ZeroPlusTick,120af17f-6550-1f46-54c0-e37a5428a93e,114879744,1.14879744,33600.0,Regular
2023-07-28T04:51:21.345Z,XBTUSD,Sell,100,29248.0,ZeroPlusTick,13c7a308-0373-345e-9df9-33e8a60e0e22,341904,0.00341904,100.0,Regular
2023-07-28T04:51:21.345Z,XBTUSD,Sell,24800,29248.0,ZeroPlusTick,6f3cba5a-b640-80e9-790d-adf8965dacd2,84792192,0.84792192,24800.0,Regular
2023-07-28T04:51:21.345Z,XBTUSD,Sell,8800,29248.0,ZeroPlusTick,9346d3b4-a459-6251-a2ee-33e73ef7d3b1,30087552,0.30087552,8800.0,Regular
2023-07-28T04:51:21.345Z,XBTUSD,Sell,100,29248.0,ZeroPlusTick,ea78f621-0809-36b2-b623-4e8b5bef8567,341904,0.00341904,100.0,Regular
2023-07-28T04:51:21.345Z,XBTUSD,Sell,300,29248.0,ZeroPlusTick,3eb82294-1dc9-571c-aaf9-3fe35cb8d3b4,1025712,0.01025712,300.0,Regular
2023-07-28T04:51:21.345Z,XBTUSD,Sell,200,29248.0,ZeroPlusTick,5209bb5a-4388-b4cc-7fe9-02691cd74ba5,683808,0.00683808,200.0,Regular
2023-07-28T04:51:21.345Z,XBTUSD,Sell,50000,29248.0,ZeroPlusTick,e120ff36-6507-d55b-98f6-639987a168cd,170952000,1.70952,50000.0,Regular
2023-07-28T04:51:21.345Z,XBTUSD,Sell,8500,29248.0,ZeroPlusTick,eaa72e16-7da1-bd6c-2ed3-08f6babe9ea6,29061840,0.2906184,8500.0,Regular
2023-07-28T04:51:21.345Z,XBTUSD,Sell,5700,29248.0,ZeroPlusTick,20b097c1-62fe-ecb4-ff7a-00628e6f0f98,19488528,0.19488528,5700.0,Regular
2023-07-28T04:51:21.345Z,XBTUSD,Sell,100,29248.0,ZeroPlusTick,28d26f05-23bb-4e00-a846-0f03e63753b1,341904,0.00341904,100.0,Regular
2023-07-28T04:51:21.345Z,XBTUSD,Sell,44900,29248.0,ZeroPlusTick,486fc46c-da85-6b40-b08e-3ed9c3dbc41e,153514896,1.53514896,44900.0,Regular
2023-07-28T04:51:21.345Z,XBTUSD,Sell,200,29248.0,ZeroPlusTick,2026f058-5ce6-cb8b-382f-6eb8c550f9d3,683808,0.00683808,200.0,Regular
2023-07-28T04:51:33.390Z,XBTUSD,Sell,500,29245.0,MinusTick,922d67fd-ea67-524c-a481-94fcca77c103,1709695,0.01709695,500.0,Regular
2023-07-28T04:51:33.390Z,XBTUSD,Sell,6200,29245.0,ZeroMinusTick,bbcea4a8-56dd-626d-a7e7-535cfa4abfcb,21200218,0.21200218,6200.0,Regular
2023-07-28T04:51:33.390Z,XBTUSD,Sell,1600,29245.0,ZeroMinusTick,c0096b35-98a0-d28b-2dc2-44972b28c399,5471024,0.05471024,1600.0,Regular
2023-07-28T04:51:33.390Z,XBTUSD,Sell,100,29245.0,ZeroMinusTick,c5844f16-9866-24ed-f7c3-59905de346ca,341939,0.00341939,100.0,Regular
2023-07-28T04:51:33.390Z,XBTUSD,Sell,600,29245.0,ZeroMinusTick,e2b023a8-1251-7518-3572-d636d44492eb,2051634,0.02051634,600.0,Regular
2023-07-28T04:51:33.390Z,XBTUSD,Sell,6100,29245.0,ZeroMinusTick,9e99d0dd-4748-327f-612a-a2c82ad832b2,20858279,0.20858279,6100.0,Regular
2023-07-28T04:51:33.390Z,XBTUSD,Sell,3200,29245.0,ZeroMinusTick,c314afa7-4f0a-4c9b-64d8-c3d014fa95a7,10942048,0.10942048,3200.0,Regular
2023-07-28T04:51:45.155Z,XBTUSD,Sell,10000,29243.5,MinusTick,336c6487-ccd1-5c55-7775-1c0fcf78a322,34195600,0.341956,10000.0,Regular
2023-07-28T04:51:45.155Z,XBTUSD,Sell,1500,29243.5,ZeroMinusTick,f37a61ed-1eff-5200-240f-8ac752d9c877,5129340,0.0512934,1500.0,Regular
2023-07-28T04:51:45.155Z,XBTUSD,Sell,100,29243.5,ZeroMinusTick,c8599711-30fa-816a-a867-d548379971eb,341956,0.00341956,100.0,Regular
2023-07-28T04:51:45.155Z,XBTUSD,Sell,100,29243.5,ZeroMinusTick,a8076e4a-957e-eeeb-aa4e-9acee43340e2,341956,0.00341956,100.0,Regular
2023-07-28T04:51:45.155Z,XBTUSD,Sell,800,29243.5,ZeroMinusTick,dba4cb40-b074-e442-47c4-11d43ce0b4b0,2735648,0.02735648,800.0,Regular
2023-07-28T04:51:45.155Z,XBTUSD,Sell,19600,29243.5,ZeroMinusTick,a8b07431-1662-42ec-65db-f722804895cc,67023376,0.67023376,19600.0,Regular
2023-07-28T04:51:45.155Z,XBTUSD,Sell,400,29243.5,ZeroMinusTick,42e4d6cc-8974-2dd7-811f-0105523ecb16,1367824,0.01367824,400.0,Regular
2023-07-28T04:51:45.155Z,XBTUSD,Sell,200,29243.5,ZeroMinusTick,47ee168c-4df1-e1e1-81b7-4e8496e069a3,683912,0.00683912,200.0,Regular
2023-07-28T04:51:45.155Z,XBTUSD,Sell,1600,29243.5,ZeroMinusTick,4665b360-8f07-99b5-8192-4dc263100568,5471296,0.05471296,1600.0,Regular
2023-07-28T04:51:45.155Z,XBTUSD,Sell,4300,29243.5,ZeroMinusTick,2d59a8e7-9030-95be-7ea5-ca7db6385ca3,14704108,0.14704108,4300.0,Regular
2023-07-28T04:51:45.155Z,XBTUSD,Sell,100,29243.5,ZeroMinusTick,54aab107-d341-c013-b872-171e943b9352,341956,0.00341956,100.0,Regular
2023-07-28T04:51:45.310Z,XBTUSD,Sell,200,29241.5,MinusTick,c43a5b50-0214-634a-c4dc-ef5fbe9afdf2,683960,0.0068396,200.0,Regular
2023-07-28T04:51:52.580Z,XBTUSD,Sell,2800,29241.5,ZeroMinusTick,7f8ec9b9-9d5b-81a2-33b6-b69f19fb513d,9575440,0.0957544,2800.0,Regular
2023-07-28T04:51:52.580Z,XBTUSD,Sell,200,29241.5,ZeroMinusTick,da7f5110-17d5-d063-4d04-84f997a071cf,683960,0.0068396,200.0,Regular
2023-07-28T04:51:52.580Z,XBTUSD,Sell,1100,29241.5,ZeroMinusTick,5e7a1932-7b1d-4611-0cfa-f991d873dff8,3761780,0.0376178,1100.0,Regular
2023-07-28T04:51:52.580Z,XBTUSD,Sell,400,29241.5,ZeroMinusTick,2d88ced5-e1fb-e11d-b661-e5490e92c82f,1367920,0.0136792,400.0,Regular
2023-07-28T04:51:52.580Z,XBTUSD,Sell,400,29241.5,ZeroMinusTick,3693b742-fdec-0368-7e65-dd7e776c5193,1367920,0.0136792,400.0,Regular
2023-07-28T04:51:52.580Z,XBTUSD,Sell,100,29241.5,ZeroMinusTick,108bc943-caf2-8b30-5141-403fffd1a20c,341980,0.0034198,100.0,Regular
2023-07-28T04:51:52.580Z,XBTUSD,Sell,2300,29241.5,ZeroMinusTick,a06b2072-ad9b-40d6-9f11-a02072267cda,7865540,0.0786554,2300.0,Regular
2023-07-28T04:51:52.691Z,XBTUSD,Sell,100,29241.5,ZeroMinusTick,b945ee6b-ee6b-6e8a-86e1-00e4843b16d2,341980,0.0034198,100.0,Regular
2023-07-28T04:51:52.702Z,XBTUSD,Sell,100,29241.5,ZeroMinusTick,d000c8b7-092d-0c18-0989-98042e55e96f,341980,0.0034198,100.0,Regular
2023-07-28T04:51:53.695Z,XBTUSD,Sell,2400,29241.5,ZeroMinusTick,1e1ce89e-d118-ee24-09ef-425fa02fe746,8207520,0.0820752,2400.0,Regular
2023-07-28T04:51:53.700Z,XBTUSD,Sell,100,29241.0,MinusTick,646e0fde-6cf3-f9dc-11b8-642f2b6eab2c,341986,0.00341986,100.0,Regular
2023-07-28T04:51:53.708Z,XBTUSD,Sell,100,29240.0,MinusTick,9477a74c-ddfb-e09e-e743-1d555da78492,341997,0.00341997,100.0,Regular
2023-07-28T04:51:53.708Z,XBTUSD,Sell,6700,29236.0,MinusTick,b6cd2788-d73a-a51a-b065-7b0a29f77b8b,22916948,0.22916948,6700.0,Regular
2023-07-28T04:51:53.708Z,XBTUSD,Sell,3300,29236.0,ZeroMinusTick,bd8e5c6b-f28c-6a17-d45e-0a77f6c04f80,11287452,0.11287452,3300.0,Regular
