timestamp,symbol,side,size,price,tickDirection,trdMatchID,grossValue,homeNotional,foreignNotional,trdType
2023-07-25T15:59:51.313Z,XBTUSD,Buy,3700,29165.5,ZeroMinusTick,988f9935-d697-a324-501e-17d5b482196b,12686227,0.12686227,3700.0,Regular
2023-07-25T16:00:15.156Z,XBTUSD,Sell,28800,29165.0,MinusTick,68573cbe-08d3-334e-813a-3b2e46c85052,98748576,0.98748576,28800.0,Regular
2023-07-25T16:00:15.627Z,XBTUSD,Sell,2400,29165.0,ZeroMinusTick,a14b05c2-05e3-97b2-5564-619dead68781,8229048,0.08229048,2400.0,Regular
2023-07-25T16:00:19.146Z,XBTUSD,Buy,6600,29165.5,PlusTick,77cc4792-75b4-3a39-b89a-4e6b10db4603,22629486,0.22629486,6600.0,Regular
2023-07-25T16:00:19.146Z,XBTUSD,Buy,200,29165.5,ZeroPlusTick,7eff3ef4-8a87-460f-4c5d-7d2dfa14e300,685742,0.00685742,200.0,Regular
2023-07-25T16:00:19.146Z,XBTUSD,Buy,100,29165.5,ZeroPlusTick,c003c426-c3b1-e426-f7df-624902b8224f,342871,0.00342871,100.0,Regular
2023-07-25T16:00:19.146Z,XBTUSD,Buy,18800,29165.5,ZeroPlusTick,234a57be-7aef-522e-7c46-018b86308aad,64459748,0.64459748,18800.0,Regular
2023-07-25T16:00:21.005Z,XBTUSD,Buy,600,29165.5,ZeroPlusTick,e144ea6e-3918-b531-bb3a-ce71178388a9,2057226,0.02057226,600.0,Regular
2023-07-25T16:00:21.009Z,XBTUSD,Buy,800,29165.5,ZeroPlusTick,9c5d446f-d111-bdf4-06d1-48f0c4fa9697,2742968,0.02742968,800.0,Regular
2023-07-25T16:00:21.009Z,XBTUSD,Buy,100,29165.5,ZeroPlusTick,a82e1114-60c9-7c20-d03a-2e1e4f783153,342871,0.00342871,100.0,Regular
2023-07-25T16:00:21.009Z,XBTUSD,Buy,3200,29165.5,ZeroPlusTick,d7421fc0-3bce-a46b-cba6-a4d214dafce1,10971872,0.10971872,3200.0,Regular
2023-07-25T16:00:21.009Z,XBTUSD,Buy,100,29165.5,ZeroPlusTick,0fcc2ee7-951a-5831-9c44-813f0d20bfb7,342871,0.00342871,100.0,Regular
2023-07-25T16:00:21.009Z,XBTUSD,Buy,300,29165.5,ZeroPlusTick,e8a429f1-4d01-7761-5ba3-d971cbeefcf8,1028613,0.01028613,300.0,Regular
2023-07-25T16:00:51.048Z,XBTUSD,Buy,2000,29169.5,PlusTick,104c2df4-d432-dbc0-24ef-90d335a1da32,6856480,0.0685648,2000.0,Regular
2023-07-25T16:00:51.071Z,XBTUSD,Buy,100,29170.5,PlusTick,fb29ff02-4101-f405-d835-c5b2d8e32826,342812,0.00342812,100.0,Regular
2023-07-25T16:01:22.299Z,XBTUSD,Sell,200,29175.5,PlusTick,8837dcab-abc0-b768-b006-0144eb6b7baf,685506,0.00685506,200.0,Regular
2023-07-25T16:01:22.299Z,XBTUSD,Sell,4200,29175.5,ZeroPlusTick,46fdcf4f-8367-e48e-8070-89086e44cce0,14395626,0.14395626,4200.0,Regular
2023-07-25T16:01:22.299Z,XBTUSD,Sell,100,29175.5,ZeroPlusTick,46957cf8-abdc-aa29-6fe0-e6424bb9d7e7,342753,0.00342753,100.0,Regular
2023-07-25T16:01:22.299Z,XBTUSD,Sell,20100,29175.5,ZeroPlusTick,14a7eb2c-24e1-2b1f-2361-fa11c62a1f11,68893353,0.68893353,20100.0,Regular
2023-07-25T16:01:22.299Z,XBTUSD,Sell,45200,29175.5,ZeroPlusTick,8e9cdb7f-1fcc-7baa-af6e-9264c0a80dc0,154924356,1.54924356,45200.0,Regular
2023-07-25T16:01:22.299Z,XBTUSD,Sell,11600,29175.5,ZeroPlusTick,665a104e-3952-e670-a460-5fdad521a640,39759348,0.39759348,11600.0,Regular
2023-07-25T16:01:22.299Z,XBTUSD,Sell,19100,29175.5,ZeroPlusTick,1beb455f-bae3-c507-b246-8b352c02652a,65465823,0.65465823,19100.0,Regular
2023-07-25T16:01:22.299Z,XBTUSD,Sell,1900,29175.5,ZeroPlusTick,2bc9a151-08a0-f322-c069-b733f4b7c639,6512307,0.06512307,1900.0,Regular
2023-07-25T16:01:22.299Z,XBTUSD,Sell,5600,29175.5,ZeroPlusTick,4b51622f-f61b-c9af-3417-2b44ee7fcc88,19194168,0.19194168,5600.0,Regular
2023-07-25T16:01:22.299Z,XBTUSD,Sell,12700,29175.5,ZeroPlusTick,bf142002-d3d8-4b2c-a279-f65b2d8ae230,43529631,0.43529631,12700.0,Regular
2023-07-25T16:01:22.299Z,XBTUSD,Sell,100,29175.5,ZeroPlusTick,789d9260-732b-75d7-3031-7665ef8af076,342753,0.00342753,100.0,Regular
2023-07-25T16:01:34.304Z,XBTUSD,Sell,11300,29172.5,MinusTick,7dbe260e-0fb6-d279-0133-1d1f51689d57,38735157,0.38735157,11300.0,Regular
2023-07-25T16:01:34.304Z,XBTUSD,Sell,1000,29172.5,ZeroMinusTick,52cdf250-46b2-ae84-4412-0779377eb7de,3427890,0.0342789,1000.0,Regular
2023-07-25T16:01:34.304Z,XBTUSD,Sell,5000,29172.5,ZeroMinusTick,3480548d-ea6a-16b5-5688-bff53d3c7da1,17139450,0.1713945,5000.0,Regular
2023-07-25T16:01:34.304Z,XBTUSD,Sell,100,29172.5,ZeroMinusTick,82a6e516-2ba5-068f-2b8d-6016cd0c0e7e,342789,0.00342789,100.0,Regular
2023-07-25T16:01:34.304Z,XBTUSD,Sell,4700,29172.5,ZeroMinusTick,d6345da0-640a-405d-c3a5-b699ca2140a0,16111083,0.16111083,4700.0,Regular
2023-07-25T16:01:34.304Z,XBTUSD,Sell,1400,29172.5,ZeroMinusTick,a7f8f510-7767-e31e-7b23-ac64dbd4f81b,4799046,0.04799046,1400.0,Regular
2023-07-25T16:01:34.304Z,XBTUSD,Sell,500,29172.5,ZeroMinusTick,2e708231-d6dc-197e-afa5-2ee457ddffbd,1713945,0.01713945,500.0,Regular
2023-07-25T16:01:34.304Z,XBTUSD,Sell,3000,29172.5,ZeroMinusTick,b1224ede-1b7a-2b79-f793-0a60b9e87448,10283670,0.1028367,3000.0,Regular
2023-07-25T16:01:34.307Z,XBTUSD,Sell,200,29172.5,ZeroMinusTick,a640a734-09bf-9299-913a-953ac827be2d,685578,0.00685578,200.0,Regular
2023-07-25T16:01:34.313Z,XBTUSD,Sell,5000,29170.5,MinusTick,94412346-371d-eec5-333d-2e36f6198588,17140600,0.171406,5000.0,Regular
2023-07-25T16:01:55.147Z,XBTUSD,Buy,32300,29169.5,MinusTick,1aae58dc-1aab-ba07-f1c3-96474e50e2c0,110732152,1.10732152,32300.0,Regular
2023-07-25T16:01:55.161Z,XBTUSD,Buy,23600,29169.5,ZeroMinusTick,aace5c54-0438-bec3-03d2-845852828ffc,80906464,0.80906464,23600.0,Regular
2023-07-25T16:02:28.047Z,XBTUSD,Buy,100,29170.5,PlusTick,289c6da0-9ac4-6a65-03b7-f992ef385691,342812,0.00342812,100.0,Regular
2023-07-25T16:02:28.047Z,XBTUSD,Buy,3700,29170.5,ZeroPlusTick,f4562e4f-e3f3-daab-d160-14494caa259a,12684044,0.12684044,3700.0,Regular
2023-07-25T16:03:28.459Z,XBTUSD,Sell,100,29174.0,PlusTick,d437de16-226d-3c7d-f575-822a89f8f7d5,342771,0.00342771,100.0,Regular
2023-07-25T16:03:49.846Z,XBTUSD,Sell,25600,29174.0,ZeroPlusTick,49d62e4e-921d-436d-7b64-95ac8f10bfd6,87749376,0.87749376,25600.0,Regular
2023-07-25T16:03:49.846Z,XBTUSD,Sell,6100,29174.0,ZeroPlusTick,4962b1e5-5cb1-bc3e-beaf-aefc1610c1a6,20909031,0.20909031,6100.0,Regular
2023-07-25T16:03:49.846Z,XBTUSD,Sell,2300,29174.0,ZeroPlusTick,253bb283-fb9d-1382-ae10-1554c4f5fd95,7883733,0.07883733,2300.0,Regular
2023-07-25T16:03:49.846Z,XBTUSD,Sell,2500,29174.0,ZeroPlusTick,d4693304-c04d-87bd-11e9-bdaeaa906e66,8569275,0.08569275,2500.0,Regular
2023-07-25T16:03:49.846Z,XBTUSD,Sell,500,29174.0,ZeroPlusTick,23f1b045-ab14-f8ce-ab79-078b1dcd9f6a,1713855,0.01713855,500.0,Regular
2023-07-25T16:03:49.846Z,XBTUSD,Sell,900,29174.0,ZeroPlusTick,7a28a479-763a-6960-fe93-afdf6ec32965,3084939,0.03084939,900.0,Regular
2023-07-25T16:03:49.846Z,XBTUSD,Sell,9800,29174.0,ZeroPlusTick,054fff0b-3d45-a894-c466-ac7f44c86771,33591558,0.33591558,9800.0,Regular
2023-07-25T16:03:49.846Z,XBTUSD,Sell,1300,29174.0,ZeroPlusTick,794944bb-d142-dc4e-7e1b-df81ba1df3e0,4456023,0.04456023,1300.0,Regular
2023-07-25T16:03:49.846Z,XBTUSD,Sell,2900,29174.0,ZeroPlusTick,ad2ded3c-3a9c-1acc-abba-087958426a97,9940359,0.09940359,2900.0,Regular
2023-07-25T16:03:49.846Z,XBTUSD,Sell,1200,29174.0,ZeroPlusTick,c5fec0fe-c88d-29d2-7944-85d2c1a21a9f,4113252,0.04113252,1200.0,Regular
2023-07-25T16:03:49.846Z,XBTUSD,Sell,100,29174.0,ZeroPlusTick,1eb56b58-13fa-a3cd-ae89-bb390fdfb351,342771,0.00342771,100.0,Regular
2023-07-25T16:03:49.846Z,XBTUSD,Sell,300,29174.0,ZeroPlusTick,80f4fc52-43a5-72f7-173a-91cc949e0e03,1028313,0.01028313,300.0,Regular
2023-07-25T16:03:49.846Z,XBTUSD,Sell,300,29174.0,ZeroPlusTick,34162494-ce53-7d04-798a-d67ad4724ec4,1028313,0.01028313,300.0,Regular
2023-07-25T16:03:49.846Z,XBTUSD,Sell,200,29174.0,ZeroPlusTick,480048a9-0ae6-445d-339f-62e01ef1ce5c,685542,0.00685542,200.0,Regular
2023-07-25T16:03:49.846Z,XBTUSD,Sell,800,29174.0,ZeroPlusTick,19b9116f-09f0-5352-a6ab-b2b2cd497299,2742168,0.02742168,800.0,Regular
2023-07-25T16:03:49.846Z,XBTUSD,Sell,25200,29174.0,ZeroPlusTick,354d8f74-d5b2-3695-c435-e6d45e968106,86378292,0.86378292,25200.0,Regular
2023-07-25T16:03:51.946Z,XBTUSD,Sell,11700,29174.0,ZeroPlusTick,9e36120a-4f64-1085-b001-3e998dc27d05,40104207,0.40104207,11700.0,Regular
2023-07-25T16:03:51.946Z,XBTUSD,Sell,100,29174.0,ZeroPlusTick,865ab7e6-4f23-2794-8dbb-2436c23357c8,342771,0.00342771,100.0,Regular
2023-07-25T16:03:51.946Z,XBTUSD,Sell,100,29174.0,ZeroPlusTick,236c393a-276b-6462-e343-dcbb5e66bc04,342771,0.00342771,100.0,Regular
2023-07-25T16:03:51.946Z,XBTUSD,Sell,48400,29174.0,ZeroPlusTick,05c4151b-adbb-49ee-e629-37db6c2ff95f,165901164,1.65901164,48400.0,Regular
2023-07-25T16:03:51.946Z,XBTUSD,Sell,300,29174.0,ZeroPlusTick,4265cae8-a6bd-fd50-afc3-160bc634b619,1028313,0.01028313,300.0,Regular
2023-07-25T16:03:51.946Z,XBTUSD,Sell,19400,29171.5,MinusTick,9fd7e7f1-2eea-3f36-98fd-4c38d10fc6f5,66503200,0.665032,19400.0,Regular
2023-07-25T16:03:56.177Z,XBTUSD,Sell,26100,29172.5,PlusTick,7103fe60-f636-3f0c-d271-8eacb80c26ad,89467929,0.89467929,26100.0,Regular
2023-07-25T16:03:56.177Z,XBTUSD,Sell,39500,29172.5,ZeroPlusTick,c368ecc5-6e12-784f-26f3-de87ef64e2c6,135401655,1.35401655,39500.0,Regular
2023-07-25T16:03:56.177Z,XBTUSD,Sell,14400,29172.5,ZeroPlusTick,782756ff-3941-768a-a702-6fba1a90a235,49361616,0.49361616,14400.0,Regular
2023-07-25T16:03:56.211Z,XBTUSD,Buy,80000,29173.0,PlusTick,2ec08f48-c6c2-94a1-a836-a2aeff39971b,274226400,2.742264,80000.0,Regular
2023-07-25T16:03:56.211Z,XBTUSD,Buy,6000,29173.5,PlusTick,b3e872a3-ddb9-5239-f9c2-d5fedc36b275,20566620,0.2056662,6000.0,Regular
2023-07-25T16:03:57.228Z,XBTUSD,Buy,55900,29174.0,PlusTick,8abc0327-6be6-5040-3877-d276c9d06900,191608989,1.91608989,55900.0,Regular
2023-07-25T16:04:00.352Z,XBTUSD,Buy,11700,29175.0,PlusTick,9f72fea6-f477-6674-bb53-097c626d5a31,40102803,0.40102803,11700.0,Regular
2023-07-25T16:04:00.592Z,XBTUSD,Sell,26100,29176.0,PlusTick,68514673-bdf0-6710-6bff-46eb8e55f6e8,89456967,0.89456967,26100.0,Regular
2023-07-25T16:04:00.592Z,XBTUSD,Sell,53900,29176.0,ZeroPlusTick,87d69d71-af0b-cf6c-9cbb-fe50f54b8f55,184740633,1.84740633,53900.0,Regular
2023-07-25T16:04:13.962Z,XBTUSD,Buy,100,29176.5,PlusTick,6539eaa4-b6b8-c27b-a38c-993fabb7916b,342742,0.00342742,100.0,Regular
2023-07-25T16:04:13.962Z,XBTUSD,Buy,4600,29176.5,ZeroPlusTick,104e59d2-72f7-2e93-1095-86b4f638fcbd,15766132,0.15766132,4600.0,Regular
2023-07-25T16:04:13.962Z,XBTUSD,Buy,300,29176.5,ZeroPlusTick,d1393112-f546-4571-713a-904fcd3cf5e1,1028226,0.01028226,300.0,Regular
2023-07-25T16:04:21.731Z,XBTUSD,Buy,1200,29176.5,ZeroPlusTick,be85fa1f-e2d7-febf-5b67-37b1bb69dc0b,4112904,0.04112904,1200.0,Regular
2023-07-25T16:04:21.731Z,XBTUSD,Buy,1800,29176.5,ZeroPlusTick,d3483401-fa90-05c5-20be-ba9fd1516d92,6169356,0.06169356,1800.0,Regular
2023-07-25T16:04:30.687Z,XBTUSD,Buy,10000,29177.5,PlusTick,fd82fac8-783f-9e3c-7ac9-2d2e8e63a762,34273000,0.34273,10000.0,Regular
2023-07-25T16:04:51.045Z,XBTUSD,Buy,9100,29177.5,ZeroPlusTick,b71d7bb2-6c7f-c4a3-e961-12d0cf71c3d3,31188430,0.3118843,9100.0,Regular
2023-07-25T16:04:51.060Z,XBTUSD,Buy,10000,29177.5,ZeroPlusTick,fa35f89d-0565-6787-63fe-5bd2aeacb4c3,34273000,0.34273,10000.0,Regular
2023-07-25T16:04:51.085Z,XBTUSD,Buy,100,29179.5,PlusTick,ef750f11-cb6e-0d74-d441-f4f2aea88a27,342706,0.00342706,100.0,Regular
2023-07-25T16:05:10.596Z,XBTUSD,Buy,100,29185.0,PlusTick,9a2595c4-bc17-e2a8-14dd-96d3c494ca87,342642,0.00342642,100.0,Regular
2023-07-25T16:05:10.596Z,XBTUSD,Buy,39500,29185.0,ZeroPlusTick,f85135c9-5c96-56a3-433b-c6cf3c0059f4,135343590,1.3534359,39500.0,Regular
2023-07-25T16:05:10.596Z,XBTUSD,Buy,2500,29186.5,PlusTick,078bb5bd-405c-1329-2f7a-cff306221287,8565600,0.085656,2500.0,Regular
2023-07-25T16:05:10.600Z,XBTUSD,Buy,9900,29186.5,ZeroPlusTick,7ad19beb-57de-d7fb-b87e-16c0912616b7,33919776,0.33919776,9900.0,Regular
2023-07-25T16:05:18.945Z,XBTUSD,Buy,2500,29188.0,PlusTick,07a1332b-9147-e5f0-8a2f-4bb6c8aaa67c,8565175,0.08565175,2500.0,Regular
2023-07-25T16:05:18.961Z,XBTUSD,Buy,6500,29188.0,ZeroPlusTick,998c0741-aad6-e604-bdb7-05870554d033,22269455,0.22269455,6500.0,Regular
2023-07-25T16:05:18.961Z,XBTUSD,Buy,1800,29188.0,ZeroPlusTick,07d27a8c-43a3-445b-9f90-22fe87d86d8f,6166926,0.06166926,1800.0,Regular
2023-07-25T16:05:18.961Z,XBTUSD,Buy,4600,29188.0,ZeroPlusTick,e8bb10b3-f863-78c2-1c41-3aa8351c7d0d,15759922,0.15759922,4600.0,Regular
2023-07-25T16:05:18.961Z,XBTUSD,Buy,500,29188.0,ZeroPlusTick,72602b37-5f57-3fd8-2d62-f5400f1479ee,1713035,0.01713035,500.0,Regular
2023-07-25T16:05:18.962Z,XBTUSD,Buy,1800,29188.0,ZeroPlusTick,5921b665-82f2-df84-c85d-d7281b4123fb,6166926,0.06166926,1800.0,Regular
2023-07-25T16:05:18.962Z,XBTUSD,Buy,900,29188.0,ZeroPlusTick,32d464c8-810d-aefe-98b8-68c635435270,3083463,0.03083463,900.0,Regular
2023-07-25T16:05:28.119Z,XBTUSD,Sell,13800,29190.5,PlusTick,5a27d5da-062b-37a6-af20-0098811cc3b5,47275626,0.47275626,13800.0,Regular
2023-07-25T16:05:28.119Z,XBTUSD,Sell,15800,29190.5,ZeroPlusTick,4a37b992-f48a-69a4-6f33-d5d1da921b3d,54127166,0.54127166,15800.0,Regular
2023-07-25T16:05:28.123Z,XBTUSD,Sell,9300,29190.5,ZeroPlusTick,70c5c0c8-e859-12a3-babe-a073d18e9dc8,31859661,0.31859661,9300.0,Regular
2023-07-25T16:05:28.123Z,XBTUSD,Sell,26700,29190.5,ZeroPlusTick,b2fb9ed9-d97a-f892-f1fe-7a420db3f236,91468059,0.91468059,26700.0,Regular
2023-07-25T16:05:28.123Z,XBTUSD,Sell,100,29190.5,ZeroPlusTick,15c8c2ce-bd75-900c-04b0-b29b96391803,342577,0.00342577,100.0,Regular
2023-07-25T16:05:28.123Z,XBTUSD,Sell,4900,29190.5,ZeroPlusTick,3833ac1c-5161-4b84-619d-ef820acfa76e,16786273,0.16786273,4900.0,Regular
2023-07-25T16:05:28.123Z,XBTUSD,Sell,400,29190.5,ZeroPlusTick,599a5b9c-adca-be8f-74ce-212dea739f63,1370308,0.01370308,400.0,Regular
2023-07-25T16:05:28.123Z,XBTUSD,Sell,54300,29190.5,ZeroPlusTick,d46dac65-166a-beab-0a49-488a43ac6998,186019311,1.86019311,54300.0,Regular
2023-07-25T16:05:28.123Z,XBTUSD,Sell,200,29190.5,ZeroPlusTick,ff3a12e1-0059-5bc6-34e0-490ab160d6b7,685154,0.00685154,200.0,Regular
2023-07-25T16:05:28.123Z,XBTUSD,Sell,200,29190.5,ZeroPlusTick,e4da93cc-ced9-feff-7ea0-945232d71caf,685154,0.00685154,200.0,Regular
2023-07-25T16:05:28.123Z,XBTUSD,Sell,2500,29190.5,ZeroPlusTick,b41711c1-5bdb-c022-f274-a9addff3eb5d,8564425,0.08564425,2500.0,Regular
2023-07-25T16:05:28.123Z,XBTUSD,Sell,5300,29190.5,ZeroPlusTick,ce4f5917-5b87-7cd8-5b44-07989d63fdc4,18156581,0.18156581,5300.0,Regular
2023-07-25T16:05:28.123Z,XBTUSD,Sell,600,29190.5,ZeroPlusTick,d6218771-3c32-7eef-0b24-b85a3c53913c,2055462,0.02055462,600.0,Regular
2023-07-25T16:05:28.123Z,XBTUSD,Sell,200,29190.5,ZeroPlusTick,a674a69a-bcee-40f0-c922-7ce1621662c3,685154,0.00685154,200.0,Regular
2023-07-25T16:05:28.123Z,XBTUSD,Sell,300,29190.5,ZeroPlusTick,2ed464c2-85e8-3b69-d641-dbc6bd562ffb,1027731,0.01027731,300.0,Regular
2023-07-25T16:05:28.144Z,XBTUSD,Sell,55900,29188.5,MinusTick,94a80779-cb28-40ec-bd6f-852a44a4d2c5,191513959,1.91513959,55900.0,Regular
2023-07-25T16:05:31.702Z,XBTUSD,Buy,400,29188.0,MinusTick,3c579489-05be-62e3-85d7-cdb0c0eb5954,1370428,0.01370428,400.0,Regular
2023-07-25T16:05:32.438Z,XBTUSD,Buy,400,29188.0,ZeroMinusTick,7ea71cc8-8508-743a-9135-76aaa7655f6b,1370428,0.01370428,400.0,Regular
2023-07-25T16:05:32.443Z,XBTUSD,Buy,400,29188.0,ZeroMinusTick,22a98692-5258-47b5-1434-c69c82d67813,1370428,0.01370428,400.0,Regular
2023-07-25T16:05:32.667Z,XBTUSD,Buy,400,29188.0,ZeroMinusTick,8174df75-d4e8-db33-3fda-51b7a2ad79dd,1370428,0.01370428,400.0,Regular
2023-07-25T16:05:32.698Z,XBTUSD,Buy,400,29188.0,ZeroMinusTick,71af9c60-66fe-9a85-0f94-a9a28fa4ae12,1370428,0.01370428,400.0,Regular
2023-07-25T16:05:32.910Z,XBTUSD,Buy,400,29188.0,ZeroMinusTick,b351162e-cdac-fea3-8024-2d3d7697f7c3,1370428,0.01370428,400.0,Regular
2023-07-25T16:05:33.095Z,XBTUSD,Buy,400,29188.0,ZeroMinusTick,8f145bc4-e399-d20f-952e-e60bd476434a,1370428,0.01370428,400.0,Regular
2023-07-25T16:05:51.212Z,XBTUSD,Sell,1000,29190.5,PlusTick,a49e4632-b37f-382d-8205-5428b367f6e3,3425770,0.0342577,1000.0,Regular
2023-07-25T16:06:23.801Z,XBTUSD,Buy,23400,29191.0,PlusTick,8a14441c-404d-2853-a4a9-5aab77f0d216,80161614,0.80161614,23400.0,Regular
2023-07-25T16:06:36.348Z,XBTUSD,Buy,100,29192.5,PlusTick,706f61d6-777d-3a90-cbdd-b840e5f3d45c,342554,0.00342554,100.0,Regular
2023-07-25T16:07:22.784Z,XBTUSD,Buy,10000,29193.5,PlusTick,b631efdd-8768-ba83-d7a1-7b24e579c270,34254200,0.342542,10000.0,Regular
2023-07-25T16:07:22.784Z,XBTUSD,Buy,100,29193.5,ZeroPlusTick,03e22674-6a94-3143-339b-9e60b39ab5a6,342542,0.00342542,100.0,Regular
2023-07-25T16:07:22.784Z,XBTUSD,Buy,100,29193.5,ZeroPlusTick,9074bd66-7df7-8fd1-13a5-9b9de90bc94a,342542,0.00342542,100.0,Regular
2023-07-25T16:07:22.784Z,XBTUSD,Buy,100,29193.5,ZeroPlusTick,279c5915-7579-b1fb-731d-a3d74cc7d5af,342542,0.00342542,100.0,Regular
2023-07-25T16:07:22.784Z,XBTUSD,Buy,100,29193.5,ZeroPlusTick,d6170168-9d2d-999b-9c35-6c1c477512c0,342542,0.00342542,100.0,Regular
2023-07-25T16:07:22.784Z,XBTUSD,Buy,100,29193.5,ZeroPlusTick,e91e6af7-067f-d286-5d5e-b3f7f30d7894,342542,0.00342542,100.0,Regular
2023-07-25T16:07:22.784Z,XBTUSD,Buy,100,29193.5,ZeroPlusTick,dbe7f2f0-445a-0247-ee0c-bdc72b379364,342542,0.00342542,100.0,Regular
2023-07-25T16:07:22.784Z,XBTUSD,Buy,100,29193.5,ZeroPlusTick,fd02f760-372c-0bee-02dc-3509c458051d,342542,0.00342542,100.0,Regular
2023-07-25T16:07:22.784Z,XBTUSD,Buy,100,29193.5,ZeroPlusTick,ad913fbc-71ec-35b6-52f1-edf59016fd94,342542,0.00342542,100.0,Regular
2023-07-25T16:07:22.784Z,XBTUSD,Buy,100,29193.5,ZeroPlusTick,48af7ff6-b27c-22de-c4d3-fec67fe77cfb,342542,0.00342542,100.0,Regular
2023-07-25T16:07:22.784Z,XBTUSD,Buy,100,29193.5,ZeroPlusTick,d94b1c56-6549-599f-65a2-149cb871179e,342542,0.00342542,100.0,Regular
2023-07-25T16:07:22.784Z,XBTUSD,Buy,100,29193.5,ZeroPlusTick,1a067a1f-5c23-38e2-6d36-b95ac6d97dc5,342542,0.00342542,100.0,Regular
2023-07-25T16:07:23.151Z,XBTUSD,Buy,5000,29196.0,PlusTick,c346df77-3488-84a9-afdb-c20a18a632e9,17125650,0.1712565,5000.0,Regular
2023-07-25T16:07:23.151Z,XBTUSD,Buy,300,29196.0,ZeroPlusTick,d6b393cb-7ee4-d6b2-c40c-9c2c02d4de70,1027539,0.01027539,300.0,Regular
2023-07-25T16:07:23.151Z,XBTUSD,Buy,3000,29196.0,ZeroPlusTick,21d03844-8a4a-a3ba-4a40-566399678e87,10275390,0.1027539,3000.0,Regular
2023-07-25T16:07:23.151Z,XBTUSD,Buy,8800,29196.0,ZeroPlusTick,784747b1-f441-96f2-e167-86436d0ece9a,30141144,0.30141144,8800.0,Regular
2023-07-25T16:07:23.151Z,XBTUSD,Buy,14100,29196.0,ZeroPlusTick,986c9584-7683-7088-b376-ba400b2e4179,48294333,0.48294333,14100.0,Regular
2023-07-25T16:07:28.004Z,XBTUSD,Buy,200,29197.0,PlusTick,7c2508fd-36af-3f7f-2b8f-932f8faf137b,685002,0.00685002,200.0,Regular
2023-07-25T16:07:29.243Z,XBTUSD,Buy,8800,29197.0,ZeroPlusTick,5cb858c2-4dd4-d886-b298-393cef9d720f,30140088,0.30140088,8800.0,Regular
2023-07-25T16:07:29.243Z,XBTUSD,Buy,2200,29197.0,ZeroPlusTick,a0debb97-607d-6974-25ab-a824ffbb93ca,7535022,0.07535022,2200.0,Regular
2023-07-25T16:07:29.243Z,XBTUSD,Buy,6000,29197.0,ZeroPlusTick,b1a8f8da-f250-fdc1-f5a5-4a5ccbf0c8e7,20550060,0.2055006,6000.0,Regular
2023-07-25T16:07:29.246Z,XBTUSD,Buy,5000,29197.5,PlusTick,b73c0f2b-7c22-f092-6dbf-ba5c88a92dfb,17124750,0.1712475,5000.0,Regular
2023-07-25T16:07:29.246Z,XBTUSD,Buy,900,29197.5,ZeroPlusTick,135fc389-8016-abbe-1d22-d9b13e9d8f6d,3082455,0.03082455,900.0,Regular
2023-07-25T16:07:29.267Z,XBTUSD,Buy,1000,29199.0,PlusTick,d74ea6dc-aa75-cae2-c756-512181a828ba,3424770,0.0342477,1000.0,Regular
2023-07-25T16:07:29.268Z,XBTUSD,Buy,800,29199.5,PlusTick,8d8fc200-9d80-7adb-7d46-77a563589d49,2739776,0.02739776,800.0,Regular
2023-07-25T16:07:29.268Z,XBTUSD,Buy,8800,29199.5,ZeroPlusTick,4cc4bcde-0638-a244-ca5b-17c483fa2684,30137536,0.30137536,8800.0,Regular
2023-07-25T16:07:29.268Z,XBTUSD,Buy,100,29200.0,PlusTick,25343302-5eae-77e1-b23f-0c6b84c31b27,342466,0.00342466,100.0,Regular
2023-07-25T16:07:29.268Z,XBTUSD,Buy,300,29200.0,ZeroPlusTick,be427676-1305-750c-45da-d02ef414573a,1027398,0.01027398,300.0,Regular
2023-07-25T16:07:29.268Z,XBTUSD,Buy,800,29200.0,ZeroPlusTick,338017f8-b107-57d2-86f0-a1c1fccfb071,2739728,0.02739728,800.0,Regular
2023-07-25T16:07:29.268Z,XBTUSD,Buy,28200,29200.0,ZeroPlusTick,cf286a0e-d093-9cc9-351c-1d7929779f6e,96575412,0.96575412,28200.0,Regular
2023-07-25T16:07:29.277Z,XBTUSD,Buy,12400,29199.0,MinusTick,dbdba95f-5bd6-6794-d21a-3504800874dd,42467148,0.42467148,12400.0,Regular
2023-07-25T16:07:29.277Z,XBTUSD,Buy,13200,29200.0,PlusTick,5eaff316-b583-9796-bad6-e1c04c1a3b01,45205512,0.45205512,13200.0,Regular
2023-07-25T16:07:29.336Z,XBTUSD,Buy,14500,29200.0,ZeroPlusTick,2dda0a58-0d8d-c220-fcdd-3cc17d6d1614,49657570,0.4965757,14500.0,Regular
2023-07-25T16:07:33.412Z,XBTUSD,Buy,100,29201.5,PlusTick,51b2a18a-db10-9692-6a57-b9cdc15191c3,342448,0.00342448,100.0,Regular
2023-07-25T16:07:35.433Z,XBTUSD,Sell,600,29203.0,PlusTick,5a393416-0bbc-2fe8-30d5-cdb7a5f20e36,2054586,0.02054586,600.0,Regular
2023-07-25T16:08:02.455Z,XBTUSD,Sell,500,29203.5,PlusTick,c92905e9-833c-0be9-6ac6-f548be0df33f,1712125,0.01712125,500.0,Regular
2023-07-25T16:08:02.455Z,XBTUSD,Sell,500,29203.5,ZeroPlusTick,df75d313-76d3-9ef5-3f79-fca8c457e999,1712125,0.01712125,500.0,Regular
2023-07-25T16:08:02.455Z,XBTUSD,Sell,22900,29203.5,ZeroPlusTick,8d26e48f-2bb2-569b-067a-7167cff6f954,78415325,0.78415325,22900.0,Regular
2023-07-25T16:08:02.455Z,XBTUSD,Sell,55100,29203.5,ZeroPlusTick,33dc7b24-b905-6256-4b9c-c6a2025bf053,188676175,1.88676175,55100.0,Regular
2023-07-25T16:08:02.455Z,XBTUSD,Sell,2800,29203.5,ZeroPlusTick,8d2742c9-0f03-6bdb-8d19-6aa0e78a40e7,9587900,0.095879,2800.0,Regular
2023-07-25T16:08:02.455Z,XBTUSD,Sell,100,29203.5,ZeroPlusTick,3499bd33-663e-f80a-f48d-e81c63255861,342425,0.00342425,100.0,Regular
2023-07-25T16:08:02.455Z,XBTUSD,Sell,100,29203.5,ZeroPlusTick,ede7667d-5452-bf05-f3f1-14128c2472ad,342425,0.00342425,100.0,Regular
2023-07-25T16:08:02.455Z,XBTUSD,Sell,500,29203.5,ZeroPlusTick,34f6f44d-4932-eb9a-6ff0-5ce67f8a1f93,1712125,0.01712125,500.0,Regular
2023-07-25T16:08:02.455Z,XBTUSD,Sell,9200,29203.5,ZeroPlusTick,b943a949-dae5-4f99-b982-f47af1ae8f04,31503100,0.315031,9200.0,Regular
2023-07-25T16:08:02.455Z,XBTUSD,Sell,24800,29203.5,ZeroPlusTick,37b50394-3cdb-cd67-851c-9336c783d94c,84921400,0.849214,24800.0,Regular
2023-07-25T16:08:02.455Z,XBTUSD,Sell,200,29203.5,ZeroPlusTick,05a0cab3-c183-3389-431e-565b20ebab23,684850,0.0068485,200.0,Regular
2023-07-25T16:08:02.455Z,XBTUSD,Sell,5100,29203.5,ZeroPlusTick,4f42a904-4493-700d-76af-918552410d60,17463675,0.17463675,5100.0,Regular
2023-07-25T16:08:02.455Z,XBTUSD,Sell,100,29203.5,ZeroPlusTick,d105ad00-4109-24cd-e9ab-25645a71e556,342425,0.00342425,100.0,Regular
2023-07-25T16:08:02.455Z,XBTUSD,Sell,8000,29203.5,ZeroPlusTick,57376bac-5234-e718-d3d4-02884e42def6,27394000,0.27394,8000.0,Regular
2023-07-25T16:08:02.455Z,XBTUSD,Sell,300,29203.5,ZeroPlusTick,d446c66d-762c-78f1-543c-24c876defade,1027275,0.01027275,300.0,Regular
2023-07-25T16:08:02.455Z,XBTUSD,Sell,500,29203.5,ZeroPlusTick,71d97085-6916-b838-89f2-be0ef746ed0b,1712125,0.01712125,500.0,Regular
2023-07-25T16:08:02.455Z,XBTUSD,Sell,500,29203.5,ZeroPlusTick,cdf9863c-8d31-b039-ac4e-54cb5cabfec5,1712125,0.01712125,500.0,Regular
2023-07-25T16:08:21.411Z,XBTUSD,Buy,1200,29200.0,MinusTick,86c75dd4-4a23-659a-ed79-389bc1f11081,4109592,0.04109592,1200.0,Regular
2023-07-25T16:08:21.411Z,XBTUSD,Buy,3000,29200.5,PlusTick,cc731f47-263a-85e4-aeaf-abb2588a0bf9,10273800,0.102738,3000.0,Regular
2023-07-25T16:08:21.411Z,XBTUSD,Buy,100,29201.5,PlusTick,c07b4cba-ff51-a8b5-ad7b-ff6a950a10b9,342448,0.00342448,100.0,Regular
2023-07-25T16:08:21.411Z,XBTUSD,Buy,5700,29202.5,PlusTick,882eeb23-68bd-c853-47ad-4bf135c40557,19518852,0.19518852,5700.0,Regular
2023-07-25T16:08:32.021Z,XBTUSD,Buy,100,29202.0,MinusTick,4926fc2d-d92f-ccfc-5454-9c89645f96bf,342442,0.00342442,100.0,Regular
2023-07-25T16:08:32.021Z,XBTUSD,Buy,100,29202.0,ZeroMinusTick,693e2642-0351-a9ed-1434-a1af80d4191f,342442,0.00342442,100.0,Regular
2023-07-25T16:08:32.021Z,XBTUSD,Buy,100,29202.0,ZeroMinusTick,4d765434-6d40-ffc7-8e10-1b951212e4c8,342442,0.00342442,100.0,Regular
2023-07-25T16:08:32.021Z,XBTUSD,Buy,100,29202.0,ZeroMinusTick,2c96a0f9-b6fa-f2d3-1e46-129b3c62f131,342442,0.00342442,100.0,Regular
2023-07-25T16:08:34.734Z,XBTUSD,Buy,300,29204.0,PlusTick,c23ead43-80df-ce34-3ce9-abae2288ecf1,1027257,0.01027257,300.0,Regular
2023-07-25T16:09:03.195Z,XBTUSD,Buy,100,29206.5,PlusTick,5c01ca38-86c7-af71-3ffe-d0307ce47145,342390,0.0034239,100.0,Regular
2023-07-25T16:09:03.195Z,XBTUSD,Buy,300,29206.5,ZeroPlusTick,9494e226-0125-de39-1fff-fdb1d93d6971,1027170,0.0102717,300.0,Regular
2023-07-25T16:09:03.195Z,XBTUSD,Buy,1500,29208.5,PlusTick,e2ef78f8-9cd3-31a9-a20a-4281bfd88383,5135490,0.0513549,1500.0,Regular
2023-07-25T16:09:21.910Z,XBTUSD,Buy,100,29210.0,PlusTick,c6f92a5e-5f6d-e2ad-4a6c-d0a62a3166cd,342349,0.00342349,100.0,Regular
2023-07-25T16:10:44.007Z,XBTUSD,Sell,400,29212.0,PlusTick,4188556c-f193-29a6-bc46-ed7362abf039,1369300,0.013693,400.0,Regular
2023-07-25T16:10:44.007Z,XBTUSD,Sell,100,29212.0,ZeroPlusTick,0d6ed504-2221-0cec-dac4-a5933929d4e3,342325,0.00342325,100.0,Regular
2023-07-25T16:10:44.007Z,XBTUSD,Sell,400,29212.0,ZeroPlusTick,e1ad3d05-a2e7-8af6-61de-8ec1ee4350ce,1369300,0.013693,400.0,Regular
2023-07-25T16:10:44.007Z,XBTUSD,Sell,22700,29212.0,ZeroPlusTick,748bff0b-e85e-f9cf-cd3e-e56321c83e3e,77707775,0.77707775,22700.0,Regular
2023-07-25T16:10:44.007Z,XBTUSD,Sell,3100,29212.0,ZeroPlusTick,8fa1c89f-a7cd-242c-8f1a-e6b42c9f3cab,10612075,0.10612075,3100.0,Regular
2023-07-25T16:10:44.007Z,XBTUSD,Sell,200,29212.0,ZeroPlusTick,0bcda761-2741-175e-813e-85be35e0a029,684650,0.0068465,200.0,Regular
2023-07-25T16:10:44.007Z,XBTUSD,Sell,23500,29212.0,ZeroPlusTick,ba9f197e-b403-bcdf-1f8c-3dcbb4443a2a,80446375,0.80446375,23500.0,Regular
2023-07-25T16:10:44.007Z,XBTUSD,Sell,200,29212.0,ZeroPlusTick,bcd67064-9e95-c249-5a30-3a9938e165a2,684650,0.0068465,200.0,Regular
2023-07-25T16:10:44.007Z,XBTUSD,Sell,7400,29212.0,ZeroPlusTick,c7bedcc1-0b46-d79e-d619-8a831daa34ed,25332050,0.2533205,7400.0,Regular
2023-07-25T16:10:44.007Z,XBTUSD,Sell,100,29212.0,ZeroPlusTick,281e87d4-398b-2da1-1820-58e3bdbd031a,342325,0.00342325,100.0,Regular
2023-07-25T16:10:44.007Z,XBTUSD,Sell,100,29212.0,ZeroPlusTick,e0017adb-1d0a-b6b3-9417-749107d9f44d,342325,0.00342325,100.0,Regular
2023-07-25T16:10:44.007Z,XBTUSD,Sell,61200,29212.0,ZeroPlusTick,a9c2218b-6b46-82cc-e778-cd4f8705727e,209502900,2.095029,61200.0,Regular
2023-07-25T16:10:44.007Z,XBTUSD,Sell,5300,29212.0,ZeroPlusTick,65c5c629-144f-8ac9-7764-2a61e804eaeb,18143225,0.18143225,5300.0,Regular
2023-07-25T16:10:44.007Z,XBTUSD,Sell,11400,29212.0,ZeroPlusTick,1814c999-d9d8-85a8-541f-4d45cffda51b,39025050,0.3902505,11400.0,Regular
2023-07-25T16:10:44.007Z,XBTUSD,Sell,5000,29212.0,ZeroPlusTick,4af3c54d-d588-65c5-6243-4bf235001c00,17116250,0.1711625,5000.0,Regular
2023-07-25T16:10:44.007Z,XBTUSD,Sell,11200,29212.0,ZeroPlusTick,12a12a54-ae41-4a25-9d46-d41a1a11fd55,38340400,0.383404,11200.0,Regular
2023-07-25T16:10:44.007Z,XBTUSD,Sell,300,29212.0,ZeroPlusTick,8587e7a3-42bc-405a-d805-b560351726ad,1026975,0.01026975,300.0,Regular
2023-07-25T16:10:44.007Z,XBTUSD,Sell,100,29212.0,ZeroPlusTick,2bc0239b-cfd5-07b3-779f-62b5e9992fea,342325,0.00342325,100.0,Regular
2023-07-25T16:10:44.007Z,XBTUSD,Sell,1200,29212.0,ZeroPlusTick,9cfa98e3-0523-725d-6594-25f42e07e327,4107900,0.041079,1200.0,Regular
2023-07-25T16:10:58.550Z,XBTUSD,Buy,4000,29211.5,MinusTick,81df9321-e463-b4d4-a3cc-c4905fa06018,13693240,0.1369324,4000.0,Regular
2023-07-25T16:10:58.550Z,XBTUSD,Buy,7800,29211.5,ZeroMinusTick,e44f0a51-4c7b-daea-b165-20212d4f9b1a,26701818,0.26701818,7800.0,Regular
2023-07-25T16:10:58.550Z,XBTUSD,Buy,1000,29211.5,ZeroMinusTick,fe27432c-1f09-7de6-ac5e-3cf241a0a09c,3423310,0.0342331,1000.0,Regular
2023-07-25T16:10:58.550Z,XBTUSD,Buy,1400,29211.5,ZeroMinusTick,50f445c6-0365-a77a-0aa6-57aedebadfb6,4792634,0.04792634,1400.0,Regular
2023-07-25T16:11:02.946Z,XBTUSD,Buy,78100,29213.5,PlusTick,05c8cb93-7807-0822-705c-a7c80d85b14f,267341767,2.67341767,78100.0,Regular
2023-07-25T16:11:02.946Z,XBTUSD,Buy,300,29213.5,ZeroPlusTick,733bc9b0-7b2a-65bf-c4f8-26b4ea608daf,1026921,0.01026921,300.0,Regular
2023-07-25T16:11:02.946Z,XBTUSD,Buy,44400,29213.5,ZeroPlusTick,738974b6-8e80-9b78-2026-7f0e4fcd20a6,151984308,1.51984308,44400.0,Regular
2023-07-25T16:11:02.969Z,XBTUSD,Buy,78300,29215.0,PlusTick,fed405a3-b21b-ecd7-208e-c1ab9b31f67b,268013070,2.6801307,78300.0,Regular
2023-07-25T16:11:02.976Z,XBTUSD,Buy,1700,29215.0,ZeroPlusTick,ee46c055-275d-6478-abd9-63d105e184d5,5818930,0.0581893,1700.0,Regular
2023-07-25T16:11:02.981Z,XBTUSD,Buy,100,29216.5,PlusTick,62fd38c3-0211-d5c3-3822-7c902c065471,342272,0.00342272,100.0,Regular
2023-07-25T16:11:02.997Z,XBTUSD,Buy,300,29217.5,PlusTick,60686f58-4ffa-f0e5-5aef-5281dfac57ac,1026783,0.01026783,300.0,Regular
2023-07-25T16:11:02.997Z,XBTUSD,Buy,2200,29218.0,PlusTick,6d41a2e8-8b6f-a9eb-68ef-8b3b225ff320,7529610,0.0752961,2200.0,Regular
2023-07-25T16:11:02.997Z,XBTUSD,Buy,300,29218.0,ZeroPlusTick,61484255-713e-a82a-317d-002f7696105f,1026765,0.01026765,300.0,Regular
2023-07-25T16:11:02.997Z,XBTUSD,Buy,13200,29218.0,ZeroPlusTick,426b1318-f3b9-6bc5-65ab-7736a2602cb6,45177660,0.4517766,13200.0,Regular
2023-07-25T16:11:03.023Z,XBTUSD,Buy,300,29218.5,PlusTick,c835fe46-1ab9-932d-e502-578967b8645e,1026747,0.01026747,300.0,Regular
2023-07-25T16:11:03.023Z,XBTUSD,Buy,300,29218.5,ZeroPlusTick,fbca7d44-1543-849c-50ec-c6986ccb8061,1026747,0.01026747,300.0,Regular
2023-07-25T16:11:03.023Z,XBTUSD,Buy,300,29219.0,PlusTick,a75aae53-0f36-5e69-9617-c246b9710261,1026729,0.01026729,300.0,Regular
2023-07-25T16:11:03.023Z,XBTUSD,Buy,7400,29219.0,ZeroPlusTick,4a26bc11-5c52-d53c-44ef-5ecdde73de3d,25325982,0.25325982,7400.0,Regular
2023-07-25T16:11:03.023Z,XBTUSD,Buy,200,29219.5,PlusTick,172be7b3-03e1-a5dc-c52e-28b55db9df49,684474,0.00684474,200.0,Regular
2023-07-25T16:11:03.023Z,XBTUSD,Buy,200,29219.5,ZeroPlusTick,e867a822-691b-94e0-5a63-4070a7afef88,684474,0.00684474,200.0,Regular
2023-07-25T16:11:03.023Z,XBTUSD,Buy,2200,29219.5,ZeroPlusTick,79a959d9-0e3c-bf82-ecc6-f28a3ec20367,7529214,0.07529214,2200.0,Regular
2023-07-25T16:11:03.023Z,XBTUSD,Buy,300,29219.5,ZeroPlusTick,02de9c3e-f921-18a8-caf0-29957484a39c,1026711,0.01026711,300.0,Regular
2023-07-25T16:11:03.616Z,XBTUSD,Buy,100,29220.0,PlusTick,3fb7b4fa-8494-7732-94b3-3b300abfab14,342231,0.00342231,100.0,Regular
2023-07-25T16:11:03.616Z,XBTUSD,Buy,100,29220.0,ZeroPlusTick,72a058c5-1884-c07c-9103-129a98e7c197,342231,0.00342231,100.0,Regular
2023-07-25T16:11:03.715Z,XBTUSD,Buy,100,29220.5,PlusTick,a9b65b9b-9f8b-e727-db4d-62a5c95cb40b,342225,0.00342225,100.0,Regular
2023-07-25T16:11:03.715Z,XBTUSD,Buy,100,29223.5,PlusTick,320a1f6a-1cf5-51fd-8c43-15b212a78269,342190,0.0034219,100.0,Regular
2023-07-25T16:11:03.715Z,XBTUSD,Buy,5900,29224.5,PlusTick,2d34c7ca-f3c9-2357-449c-bedfb7a415d6,20188561,0.20188561,5900.0,Regular
2023-07-25T16:11:03.715Z,XBTUSD,Buy,8800,29225.0,PlusTick,1baed31c-adf7-4ffb-e1e3-a9935600142e,30111224,0.30111224,8800.0,Regular
2023-07-25T16:11:03.715Z,XBTUSD,Buy,300,29225.0,ZeroPlusTick,77dd8079-47bf-7eef-036d-375f7917a884,1026519,0.01026519,300.0,Regular
2023-07-25T16:11:03.715Z,XBTUSD,Buy,200,29225.5,PlusTick,c1899e1e-c2d8-a3b9-75ee-20e518bed762,684334,0.00684334,200.0,Regular
2023-07-25T16:11:03.715Z,XBTUSD,Buy,300,29225.5,ZeroPlusTick,fe386ffb-9677-48c8-8772-5d3308d520d2,1026501,0.01026501,300.0,Regular
2023-07-25T16:11:03.715Z,XBTUSD,Buy,4300,29226.5,PlusTick,f4e1194c-c28e-c9bc-afe6-5ea9e5170cc2,14712665,0.14712665,4300.0,Regular
2023-07-25T16:11:03.820Z,XBTUSD,Buy,5000,29225.0,MinusTick,a9ca6e95-d58e-695d-3918-5cb40b4f6dee,17108650,0.1710865,5000.0,Regular
2023-07-25T16:11:07.528Z,XBTUSD,Sell,100,29224.5,MinusTick,b5b699ab-91d1-d1e9-7e55-85d7ef6472b9,342179,0.00342179,100.0,Regular
2023-07-25T16:11:07.528Z,XBTUSD,Sell,800,29224.5,ZeroMinusTick,2bfc55a9-28ab-79ac-c2b1-262da2c7e145,2737432,0.02737432,800.0,Regular
2023-07-25T16:11:07.528Z,XBTUSD,Sell,15400,29224.5,ZeroMinusTick,72dfc152-7436-94a8-9ff9-6293a48a4af2,52695566,0.52695566,15400.0,Regular
2023-07-25T16:11:07.528Z,XBTUSD,Sell,1300,29224.5,ZeroMinusTick,cf6f7d53-c4b0-f216-f5f3-5bb81c6b44da,4448327,0.04448327,1300.0,Regular
2023-07-25T16:11:07.528Z,XBTUSD,Sell,6400,29224.5,ZeroMinusTick,c163e22d-bb0f-d26c-d627-04dc32fb06bb,21899456,0.21899456,6400.0,Regular
2023-07-25T16:11:07.528Z,XBTUSD,Sell,100,29224.5,ZeroMinusTick,90369291-feb1-623e-5c22-5008a315018c,342179,0.00342179,100.0,Regular
2023-07-25T16:11:07.528Z,XBTUSD,Sell,6300,29224.5,ZeroMinusTick,605e1901-f1c3-3bd2-3b3b-d16a41da50d6,21557277,0.21557277,6300.0,Regular
2023-07-25T16:11:07.528Z,XBTUSD,Sell,5700,29224.5,ZeroMinusTick,940a1123-3202-de6a-885e-d6c81abb0efc,19504203,0.19504203,5700.0,Regular
2023-07-25T16:11:07.528Z,XBTUSD,Sell,7600,29224.5,ZeroMinusTick,16ae08b3-439e-777c-c0f6-cd6177c74bb3,26005604,0.26005604,7600.0,Regular
2023-07-25T16:11:08.371Z,XBTUSD,Buy,1200,29221.0,MinusTick,ab7db46d-091c-05a7-545b-ef8ef3893e6e,4106640,0.0410664,1200.0,Regular
2023-07-25T16:11:12.920Z,XBTUSD,Buy,100,29227.0,PlusTick,905dfd1d-fcc9-182c-7220-c3a61a87da2e,342149,0.00342149,100.0,Regular
2023-07-25T16:11:12.920Z,XBTUSD,Buy,6600,29227.0,ZeroPlusTick,095d7c35-ebad-4aca-fdb4-85b6d4eca91e,22581834,0.22581834,6600.0,Regular
2023-07-25T16:11:12.943Z,XBTUSD,Buy,8800,29228.5,PlusTick,06865bd9-7cac-c5ac-8ff3-69270f66879b,30107616,0.30107616,8800.0,Regular
2023-07-25T16:11:12.943Z,XBTUSD,Buy,3100,29229.0,PlusTick,95419ad0-9858-e586-8351-99994563d95b,10605906,0.10605906,3100.0,Regular
2023-07-25T16:11:12.958Z,XBTUSD,Buy,5200,29229.0,ZeroPlusTick,c73622fc-85a8-0c12-9b16-27b5b9a02d47,17790552,0.17790552,5200.0,Regular
2023-07-25T16:11:15.147Z,XBTUSD,Buy,100,29231.0,PlusTick,2d1122a0-f2bd-180c-578c-2dd05bd947b9,342103,0.00342103,100.0,Regular
2023-07-25T16:11:15.911Z,XBTUSD,Buy,300,29233.5,PlusTick,5d988b28-9e3b-d5fd-39ff-3b032f686312,1026219,0.01026219,300.0,Regular
2023-07-25T16:11:15.911Z,XBTUSD,Buy,5000,29233.5,ZeroPlusTick,c9ae6e3c-6db1-7db3-1170-5b100bdc934a,17103650,0.1710365,5000.0,Regular
2023-07-25T16:11:21.438Z,XBTUSD,Sell,100,29231.0,MinusTick,ff0891a1-05c2-e616-0802-7a1fca07f595,342103,0.00342103,100.0,Regular
2023-07-25T16:11:23.717Z,XBTUSD,Sell,41800,29228.5,MinusTick,bfb61373-498a-c61d-015f-20d74b1ceb4c,143011176,1.43011176,41800.0,Regular
2023-07-25T16:11:23.731Z,XBTUSD,Sell,5400,29228.5,ZeroMinusTick,fd873741-6af1-3b3f-7992-fd431e1e7056,18475128,0.18475128,5400.0,Regular
2023-07-25T16:11:23.731Z,XBTUSD,Sell,100,29228.5,ZeroMinusTick,9bc54a9a-b52a-1c19-d60c-85639b92b7af,342132,0.00342132,100.0,Regular
2023-07-25T16:11:29.138Z,XBTUSD,Sell,37500,29227.5,MinusTick,700b830b-e25f-a16e-c4c5-87f6957fc64b,128304000,1.28304,37500.0,Regular
2023-07-25T16:11:29.138Z,XBTUSD,Sell,100,29227.5,ZeroMinusTick,e1d247ff-5a8f-ddce-0ba2-a5b8cfcc5e00,342144,0.00342144,100.0,Regular
2023-07-25T16:11:29.138Z,XBTUSD,Sell,100,29227.5,ZeroMinusTick,31c7b76e-90dd-4459-b5d3-581b6ae373e9,342144,0.00342144,100.0,Regular
2023-07-25T16:11:38.405Z,XBTUSD,Sell,100,29222.5,MinusTick,565084f0-eba9-3066-8071-5d71aba6ca08,342202,0.00342202,100.0,Regular
2023-07-25T16:11:38.806Z,XBTUSD,Sell,100,29222.5,ZeroMinusTick,b8f7626e-c7fc-0e89-39ac-02553dad224b,342202,0.00342202,100.0,Regular
2023-07-25T16:11:38.806Z,XBTUSD,Sell,1600,29222.5,ZeroMinusTick,5d00e620-a5ba-b808-a971-072613eeca8d,5475232,0.05475232,1600.0,Regular
2023-07-25T16:11:38.806Z,XBTUSD,Sell,3800,29222.5,ZeroMinusTick,27b74ddd-9327-9064-3ec2-e6bb3eb210aa,13003676,0.13003676,3800.0,Regular
2023-07-25T16:11:38.806Z,XBTUSD,Sell,1900,29222.5,ZeroMinusTick,b9dc8e2a-c4c0-2db4-df11-764ea2c409f4,6501838,0.06501838,1900.0,Regular
2023-07-25T16:11:38.806Z,XBTUSD,Sell,400,29222.5,ZeroMinusTick,88c3f353-8180-54a8-04a4-cf798b7cdbc4,1368808,0.01368808,400.0,Regular
2023-07-25T16:11:38.806Z,XBTUSD,Sell,1500,29222.5,ZeroMinusTick,7c1a8932-f550-3d39-d651-87e61c2da89d,5133030,0.0513303,1500.0,Regular
2023-07-25T16:11:38.806Z,XBTUSD,Sell,200,29222.5,ZeroMinusTick,3ad7f2ab-832a-31ff-0d56-179cbd7d6385,684404,0.00684404,200.0,Regular
2023-07-25T16:11:38.806Z,XBTUSD,Sell,100,29222.5,ZeroMinusTick,b210a8bd-2906-2695-6627-92f7913504ff,342202,0.00342202,100.0,Regular
2023-07-25T16:11:38.806Z,XBTUSD,Sell,200,29222.5,ZeroMinusTick,226e4b64-56c5-9ee2-1f4d-610be3c99fba,684404,0.00684404,200.0,Regular
2023-07-25T16:11:38.806Z,XBTUSD,Sell,1400,29222.5,ZeroMinusTick,1e3ea201-d3d4-b834-ff44-64202484c1a6,4790828,0.04790828,1400.0,Regular
2023-07-25T16:11:38.806Z,XBTUSD,Sell,100,29222.5,ZeroMinusTick,33366e07-3b06-2f4a-5323-78e1a6bd1024,342202,0.00342202,100.0,Regular
2023-07-25T16:11:39.772Z,XBTUSD,Sell,1500,29220.5,MinusTick,6008b49c-cb18-e98c-bd43-f633dfdf63ff,5133375,0.05133375,1500.0,Regular
2023-07-25T16:11:39.772Z,XBTUSD,Sell,3500,29220.5,ZeroMinusTick,4a02ea8c-9d30-0afc-b11f-974faa5a1c23,11977875,0.11977875,3500.0,Regular
2023-07-25T16:11:47.544Z,XBTUSD,Buy,100,29221.0,PlusTick,e782476b-9d56-3279-0423-06120a21d408,342220,0.0034222,100.0,Regular
2023-07-25T16:11:51.096Z,XBTUSD,Buy,7400,29222.5,PlusTick,1ee5fe72-13d9-de66-dd46-ec51afced393,25322948,0.25322948,7400.0,Regular
2023-07-25T16:11:51.096Z,XBTUSD,Buy,11900,29223.0,PlusTick,2684c17f-a4e8-8c49-8baf-7d32551dc22e,40721324,0.40721324,11900.0,Regular
2023-07-25T16:12:15.805Z,XBTUSD,Buy,100,29226.0,PlusTick,22d68370-dc48-5e56-9027-068c03d12eff,342161,0.00342161,100.0,Regular
2023-07-25T16:12:16.103Z,XBTUSD,Sell,4700,29230.5,PlusTick,211ad5c4-bb69-2f11-9d33-50eb1a2c818d,16079076,0.16079076,4700.0,Regular
2023-07-25T16:12:19.265Z,XBTUSD,Sell,300,29230.5,ZeroPlusTick,81bb6a8f-0be4-b485-ef78-ba675263b676,1026324,0.01026324,300.0,Regular
2023-07-25T16:12:28.868Z,XBTUSD,Sell,11700,29230.5,ZeroPlusTick,7f469f2e-b2c1-eed0-fc46-eaabf34bd598,40026636,0.40026636,11700.0,Regular
2023-07-25T16:12:28.868Z,XBTUSD,Sell,20200,29230.5,ZeroPlusTick,6f4157e0-8ce1-e549-b8d5-7a9d7257b960,69105816,0.69105816,20200.0,Regular
2023-07-25T16:12:28.868Z,XBTUSD,Sell,43100,29230.5,ZeroPlusTick,53bab614-f403-3615-6d27-d51e26215481,147448548,1.47448548,43100.0,Regular
2023-07-25T16:12:28.868Z,XBTUSD,Sell,100,29230.5,ZeroPlusTick,b4cad85c-5a99-8cdd-ccbf-cbd2dee13c22,342108,0.00342108,100.0,Regular
2023-07-25T16:12:28.868Z,XBTUSD,Sell,4400,29230.5,ZeroPlusTick,0d7e8541-1930-ddc2-6f00-9a61e6891616,15052752,0.15052752,4400.0,Regular
2023-07-25T16:12:28.868Z,XBTUSD,Sell,300,29230.5,ZeroPlusTick,fefb15a6-3f59-12fb-e662-117863e49a5c,1026324,0.01026324,300.0,Regular
2023-07-25T16:12:28.868Z,XBTUSD,Sell,19800,29230.5,ZeroPlusTick,198ce5de-8adc-2970-9acd-8d8eb2981a07,67737384,0.67737384,19800.0,Regular
2023-07-25T16:12:28.868Z,XBTUSD,Sell,500,29230.5,ZeroPlusTick,189c14da-7081-35b6-df3d-c1063d73f2bb,1710540,0.0171054,500.0,Regular
2023-07-25T16:12:28.868Z,XBTUSD,Sell,200,29230.5,ZeroPlusTick,0ec2113a-0698-feca-2c5b-ef4281af8956,684216,0.00684216,200.0,Regular
2023-07-25T16:12:28.868Z,XBTUSD,Sell,300,29230.5,ZeroPlusTick,5a37f3b3-5418-7baf-74a1-f58eee327ad5,1026324,0.01026324,300.0,Regular
2023-07-25T16:13:19.381Z,XBTUSD,Buy,1800,29228.0,MinusTick,c4a4a2be-3c28-14d6-0128-bd795dd148b7,6158484,0.06158484,1800.0,Regular
2023-07-25T16:13:19.385Z,XBTUSD,Buy,4300,29228.0,ZeroMinusTick,705cd873-f0c4-4e10-6344-57d107a7e1d5,14711934,0.14711934,4300.0,Regular
2023-07-25T16:13:19.403Z,XBTUSD,Buy,3900,29228.0,ZeroMinusTick,cd5e3ae7-0ebd-81df-6902-58bebdaa2c10,13343382,0.13343382,3900.0,Regular
2023-07-25T16:13:22.592Z,XBTUSD,Sell,200,29233.5,PlusTick,a674ad79-20fb-77b6-095a-720bc9ddb038,684146,0.00684146,200.0,Regular
2023-07-25T16:13:27.536Z,XBTUSD,Sell,900,29233.5,ZeroPlusTick,0592f7d4-2915-29bd-ebfa-f31d3fb16063,3078657,0.03078657,900.0,Regular
2023-07-25T16:13:27.536Z,XBTUSD,Sell,400,29233.5,ZeroPlusTick,9ae245d3-ce1c-5baf-9d92-8093f9c66be2,1368292,0.01368292,400.0,Regular
2023-07-25T16:13:27.539Z,XBTUSD,Sell,2500,29233.5,ZeroPlusTick,564e72d7-7e15-4ede-e440-868727a55d73,8551825,0.08551825,2500.0,Regular
2023-07-25T16:13:27.539Z,XBTUSD,Sell,100,29233.5,ZeroPlusTick,025898ed-fc39-6b34-ec1e-ea35ad418cda,342073,0.00342073,100.0,Regular
2023-07-25T16:13:27.539Z,XBTUSD,Sell,7400,29233.5,ZeroPlusTick,8edcd581-69d2-a58b-63b3-ea5fba5ac045,25313402,0.25313402,7400.0,Regular
2023-07-25T16:13:27.543Z,XBTUSD,Sell,3400,29233.5,ZeroPlusTick,55611eab-7ec0-a978-1bb6-d8ed4e7fa851,11630482,0.11630482,3400.0,Regular
2023-07-25T16:13:27.543Z,XBTUSD,Sell,5100,29233.5,ZeroPlusTick,644e1384-37fa-db09-b750-5485e98703f5,17445723,0.17445723,5100.0,Regular
2023-07-25T16:13:27.549Z,XBTUSD,Sell,100,29233.5,ZeroPlusTick,ce15d6b0-cb3e-b070-6d27-f19b4f316ac5,342073,0.00342073,100.0,Regular
2023-07-25T16:13:27.549Z,XBTUSD,Sell,100,29233.5,ZeroPlusTick,840d71f0-cb5e-b59d-2625-df06e9196e9a,342073,0.00342073,100.0,Regular
2023-07-25T16:13:27.549Z,XBTUSD,Sell,4900,29233.5,ZeroPlusTick,04d9fe3a-5df0-4b69-aac6-0a8124d37fc8,16761577,0.16761577,4900.0,Regular
2023-07-25T16:13:27.549Z,XBTUSD,Sell,100,29233.5,ZeroPlusTick,d009e1f4-fe2a-6271-12e6-552b6eddd3d5,342073,0.00342073,100.0,Regular
2023-07-25T16:13:27.555Z,XBTUSD,Sell,38900,29232.0,MinusTick,5531c582-f3db-4bf3-7c3b-874329bb9d2b,133073399,1.33073399,38900.0,Regular
2023-07-25T16:13:52.968Z,XBTUSD,Sell,300,29227.5,MinusTick,cce8bafb-208a-0465-f029-a43cf0e04058,1026432,0.01026432,300.0,Regular
2023-07-25T16:13:54.536Z,XBTUSD,Buy,1000,29228.0,PlusTick,623ae9b5-f20e-ba22-a9e7-e844ea9ebfd6,3421380,0.0342138,1000.0,Regular
2023-07-25T16:13:59.215Z,XBTUSD,Sell,1000,29227.5,MinusTick,12da37cd-8418-cb3c-25fd-06934b40c1cf,3421440,0.0342144,1000.0,Regular
2023-07-25T16:13:59.215Z,XBTUSD,Sell,300,29227.5,ZeroMinusTick,f7de1819-d848-0a40-bd10-42f212fd31a1,1026432,0.01026432,300.0,Regular
2023-07-25T16:14:32.206Z,XBTUSD,Buy,100,29228.0,PlusTick,700c8e78-c893-979f-eae1-f0a8b6bd76a4,342138,0.00342138,100.0,Regular
2023-07-25T16:14:32.206Z,XBTUSD,Buy,2400,29228.0,ZeroPlusTick,ec4ab233-db25-c8b0-04cb-311fa593d2be,8211312,0.08211312,2400.0,Regular
2023-07-25T16:14:32.206Z,XBTUSD,Buy,500,29228.0,ZeroPlusTick,5279ba75-2d7e-ee54-62dd-07f8471dc7da,1710690,0.0171069,500.0,Regular
2023-07-25T16:14:45.373Z,XBTUSD,Buy,3500,29228.0,ZeroPlusTick,9f780dbd-9c3b-9a3e-e169-cfb7afac37f7,11974830,0.1197483,3500.0,Regular
2023-07-25T16:14:45.373Z,XBTUSD,Buy,19400,29228.0,ZeroPlusTick,c4ed3ebd-ad14-e209-5e05-73980e67be3c,66374772,0.66374772,19400.0,Regular
2023-07-25T16:14:45.375Z,XBTUSD,Buy,25500,29228.0,ZeroPlusTick,f3344568-543c-efd9-cbe0-d80d01d288a8,87245190,0.8724519,25500.0,Regular
2023-07-25T16:14:45.375Z,XBTUSD,Buy,300,29228.0,ZeroPlusTick,0d2497a7-be0b-000c-47a9-8a4a69535f39,1026414,0.01026414,300.0,Regular
2023-07-25T16:14:45.375Z,XBTUSD,Buy,100,29228.0,ZeroPlusTick,4ef50322-4813-98c3-e0f9-87cc4b5bb441,342138,0.00342138,100.0,Regular
2023-07-25T16:14:45.378Z,XBTUSD,Buy,22400,29230.0,PlusTick,ba2c6809-fd10-bdd8-5989-d33a7a46ce4a,76633536,0.76633536,22400.0,Regular
2023-07-25T16:14:45.485Z,XBTUSD,Buy,100,29231.0,PlusTick,a72c60ea-7cc0-7a66-031b-402cce770f60,342103,0.00342103,100.0,Regular
2023-07-25T16:15:14.288Z,XBTUSD,Buy,100,29234.0,PlusTick,9a919733-1eb3-ea9f-5d55-1454424c6916,342067,0.00342067,100.0,Regular
2023-07-25T16:15:14.288Z,XBTUSD,Buy,11200,29234.0,ZeroPlusTick,12f87f70-9186-bba0-72f7-285c95a413a7,38311504,0.38311504,11200.0,Regular
2023-07-25T16:15:14.288Z,XBTUSD,Buy,1000,29234.0,ZeroPlusTick,8670c76a-14fb-de19-270d-4ab8260bf144,3420670,0.0342067,1000.0,Regular
2023-07-25T16:15:14.288Z,XBTUSD,Buy,3800,29234.0,ZeroPlusTick,7de3ce3e-1f48-62c9-2b42-9fdc3f83d05e,12998546,0.12998546,3800.0,Regular
2023-07-25T16:15:14.288Z,XBTUSD,Buy,100,29234.0,ZeroPlusTick,dc4fc45f-cc40-e0bc-af1d-e5ad7c32788d,342067,0.00342067,100.0,Regular
2023-07-25T16:15:14.288Z,XBTUSD,Buy,100,29234.0,ZeroPlusTick,e7b650e8-0d60-9d98-4cc4-716b213a70f7,342067,0.00342067,100.0,Regular
2023-07-25T16:15:14.288Z,XBTUSD,Buy,1500,29234.0,ZeroPlusTick,3a668bb9-17de-97d5-43cd-99f3efb33d72,5131005,0.05131005,1500.0,Regular
2023-07-25T16:15:22.593Z,XBTUSD,Buy,300,29237.0,PlusTick,0df8d641-cf23-e8b3-d10e-4b6f26d13f3b,1026096,0.01026096,300.0,Regular
2023-07-25T16:15:22.593Z,XBTUSD,Buy,100,29237.0,ZeroPlusTick,f1c39ffb-c15a-a2c5-2158-62bd3da9ae3c,342032,0.00342032,100.0,Regular
2023-07-25T16:15:22.593Z,XBTUSD,Buy,5700,29237.0,ZeroPlusTick,44a9332e-bbab-26c5-edfa-a5563a67e3c8,19495824,0.19495824,5700.0,Regular
2023-07-25T16:15:22.593Z,XBTUSD,Buy,2800,29237.0,ZeroPlusTick,0b63fb45-ca11-4555-54e6-c7f022f7b8e1,9576896,0.09576896,2800.0,Regular
2023-07-25T16:15:22.593Z,XBTUSD,Buy,100,29237.0,ZeroPlusTick,e2c54a9c-80e6-ae39-593e-88e01f1151b8,342032,0.00342032,100.0,Regular
2023-07-25T16:15:34.150Z,XBTUSD,Sell,24400,29238.5,PlusTick,286e6410-185f-eb59-c165-a21a6eac2b3f,83451660,0.8345166,24400.0,Regular
2023-07-25T16:15:34.150Z,XBTUSD,Sell,300,29238.5,ZeroPlusTick,5212a927-fc54-f377-c87b-0af9d775c308,1026045,0.01026045,300.0,Regular
2023-07-25T16:15:34.150Z,XBTUSD,Sell,500,29238.5,ZeroPlusTick,2fbf77d4-0db9-c019-9296-9a07732cb1cc,1710075,0.01710075,500.0,Regular
2023-07-25T16:15:34.150Z,XBTUSD,Sell,1000,29238.5,ZeroPlusTick,4b7fe288-a555-29b8-8604-08e666252a41,3420150,0.0342015,1000.0,Regular
2023-07-25T16:15:34.150Z,XBTUSD,Sell,9700,29238.5,ZeroPlusTick,1e95fddb-a5d7-87af-84aa-776a7a9cd3fd,33175455,0.33175455,9700.0,Regular
2023-07-25T16:15:34.150Z,XBTUSD,Sell,100,29238.5,ZeroPlusTick,f5709907-8a75-f0bc-2696-b98228707518,342015,0.00342015,100.0,Regular
2023-07-25T16:15:34.150Z,XBTUSD,Sell,1500,29238.5,ZeroPlusTick,bd25bb21-de97-7f13-bd33-1e82c6024d49,5130225,0.05130225,1500.0,Regular
2023-07-25T16:15:34.150Z,XBTUSD,Sell,14700,29238.5,ZeroPlusTick,1610fba9-a30b-4c11-5b39-0f38a2d1e977,50276205,0.50276205,14700.0,Regular
2023-07-25T16:15:34.150Z,XBTUSD,Sell,300,29238.5,ZeroPlusTick,60de305e-93f7-54e5-03cd-9584ef267ab2,1026045,0.01026045,300.0,Regular
2023-07-25T16:15:34.150Z,XBTUSD,Sell,1500,29237.5,MinusTick,ffbcd41e-61d4-a249-3818-d664d51b4fe5,5130405,0.05130405,1500.0,Regular
2023-07-25T16:15:34.174Z,XBTUSD,Sell,54400,29237.5,ZeroMinusTick,716483cf-9b56-581b-068e-272ca91d6c1b,186062688,1.86062688,54400.0,Regular
2023-07-25T16:15:34.174Z,XBTUSD,Sell,200,29236.5,MinusTick,d2a13418-c505-cc3c-02d8-53bd350e5679,684076,0.00684076,200.0,Regular
2023-07-25T16:15:41.771Z,XBTUSD,Sell,100,29233.5,MinusTick,fc488ddc-fcd5-5ddd-cbda-8e97351c1d86,342073,0.00342073,100.0,Regular
2023-07-25T16:15:41.771Z,XBTUSD,Sell,100,29233.5,ZeroMinusTick,a88a63a7-3f4c-42a3-c533-7e748120c603,342073,0.00342073,100.0,Regular
2023-07-25T16:15:41.771Z,XBTUSD,Sell,100,29233.5,ZeroMinusTick,887ced2d-6d23-5628-4402-2e05fb569f16,342073,0.00342073,100.0,Regular
2023-07-25T16:15:41.771Z,XBTUSD,Sell,200,29233.5,ZeroMinusTick,0fd123ba-9386-1d15-5b79-e56166f3d602,684146,0.00684146,200.0,Regular
2023-07-25T16:16:07.220Z,XBTUSD,Sell,5000,29228.5,MinusTick,986df8bd-1f00-ebde-caa1-8c0928cb2c28,17106600,0.171066,5000.0,Regular
2023-07-25T16:16:07.220Z,XBTUSD,Sell,200,29228.5,ZeroMinusTick,ef986f3f-7c5c-308b-c1f8-783ab69bbcc9,684264,0.00684264,200.0,Regular
2023-07-25T16:16:07.220Z,XBTUSD,Sell,1200,29228.5,ZeroMinusTick,32b1179f-6436-3ba2-eb87-f11360ca5d19,4105584,0.04105584,1200.0,Regular
2023-07-25T16:16:07.253Z,XBTUSD,Sell,1300,29228.5,ZeroMinusTick,95552659-0481-d16a-c180-0392bf257ccf,4447716,0.04447716,1300.0,Regular
2023-07-25T16:16:07.253Z,XBTUSD,Sell,600,29228.5,ZeroMinusTick,0d29392c-6e6c-6ca8-a601-3eeda8056f8d,2052792,0.02052792,600.0,Regular
2023-07-25T16:16:07.327Z,XBTUSD,Sell,100,29226.5,MinusTick,0b5552bc-a7d5-45db-8b85-88291ef87904,342155,0.00342155,100.0,Regular
2023-07-25T16:16:07.327Z,XBTUSD,Sell,100,29225.0,MinusTick,0de20ffd-3576-ac3d-a6ac-4c9a5778f62b,342173,0.00342173,100.0,Regular
2023-07-25T16:16:33.007Z,XBTUSD,Buy,300,29225.0,ZeroMinusTick,dcce8d9e-d6d9-66b7-b0cf-46f2d4422a26,1026519,0.01026519,300.0,Regular
2023-07-25T16:16:34.424Z,XBTUSD,Buy,2000,29225.0,ZeroMinusTick,53539af7-74f3-de76-22e3-ba2c7d89583b,6843460,0.0684346,2000.0,Regular
2023-07-25T16:16:34.424Z,XBTUSD,Buy,200,29225.0,ZeroMinusTick,726353f0-6365-8463-40dc-b598d86f60aa,684346,0.00684346,200.0,Regular
2023-07-25T16:16:34.424Z,XBTUSD,Buy,2700,29225.0,ZeroMinusTick,fe3f8437-1892-4065-1349-91a61030961a,9238671,0.09238671,2700.0,Regular
2023-07-25T16:16:34.424Z,XBTUSD,Buy,200,29225.0,ZeroMinusTick,12797ca5-d3ce-dbae-3075-2c45cef7af81,684346,0.00684346,200.0,Regular
2023-07-25T16:16:34.424Z,XBTUSD,Buy,14400,29225.0,ZeroMinusTick,8fe4ccc7-bfca-d3fb-76d4-3f6a8fe0e591,49272912,0.49272912,14400.0,Regular
2023-07-25T16:16:34.424Z,XBTUSD,Buy,1000,29225.0,ZeroMinusTick,0a81dce2-cd4c-881e-8131-c18568d3627d,3421730,0.0342173,1000.0,Regular
2023-07-25T16:16:34.424Z,XBTUSD,Buy,45300,29225.0,ZeroMinusTick,188ea5d8-9031-67f2-0704-74d6cd3951be,155004369,1.55004369,45300.0,Regular
2023-07-25T16:16:34.430Z,XBTUSD,Buy,4200,29225.0,ZeroMinusTick,bab55286-e5b8-5483-7997-3969989e7682,14371266,0.14371266,4200.0,Regular
2023-07-25T16:16:34.430Z,XBTUSD,Buy,4500,29225.0,ZeroMinusTick,1a49c11d-af1f-c10d-c4d4-f244f31d046f,15397785,0.15397785,4500.0,Regular
2023-07-25T16:16:34.430Z,XBTUSD,Buy,100,29225.0,ZeroMinusTick,600888ef-3ae6-67fd-6cd0-5d66fbe817db,342173,0.00342173,100.0,Regular
2023-07-25T16:16:34.430Z,XBTUSD,Buy,400,29225.0,ZeroMinusTick,aea92d06-5dda-0c54-aad9-683c19bd1176,1368692,0.01368692,400.0,Regular
2023-07-25T16:16:45.978Z,XBTUSD,Sell,500,29227.5,PlusTick,29663eb2-fc68-8b46-cfd2-8f838597728d,1710720,0.0171072,500.0,Regular
2023-07-25T16:17:34.722Z,XBTUSD,Sell,16800,29227.5,ZeroPlusTick,54254590-0cd0-3e54-0056-d0be2419d572,57480192,0.57480192,16800.0,Regular
2023-07-25T16:17:34.722Z,XBTUSD,Sell,200,29227.5,ZeroPlusTick,dfca0055-9766-c71d-e890-9256add4aeb2,684288,0.00684288,200.0,Regular
2023-07-25T16:17:34.722Z,XBTUSD,Sell,300,29227.5,ZeroPlusTick,dceb335a-2917-b613-98b3-88a8dcb5e6aa,1026432,0.01026432,300.0,Regular
2023-07-25T16:17:34.722Z,XBTUSD,Sell,16200,29227.5,ZeroPlusTick,132e67d7-e3c9-a6a9-9735-986ea3400b3c,55427328,0.55427328,16200.0,Regular
2023-07-25T16:17:34.722Z,XBTUSD,Sell,300,29227.5,ZeroPlusTick,a8d3e60e-4026-359e-22ae-24bc21c102c4,1026432,0.01026432,300.0,Regular
2023-07-25T16:18:07.217Z,XBTUSD,Sell,200,29225.0,MinusTick,10a7ac34-1195-3bc7-3269-e90491b4f483,684346,0.00684346,200.0,Regular
2023-07-25T16:18:07.217Z,XBTUSD,Sell,3900,29225.0,ZeroMinusTick,3430d961-d879-707c-bd30-2241870a241d,13344747,0.13344747,3900.0,Regular
2023-07-25T16:18:07.217Z,XBTUSD,Sell,100,29225.0,ZeroMinusTick,93418258-d4b2-c27d-42ec-7fe6bd110741,342173,0.00342173,100.0,Regular
2023-07-25T16:18:07.217Z,XBTUSD,Sell,100,29225.0,ZeroMinusTick,f479e51d-1fd9-9c37-2e75-d99f026e5fbf,342173,0.00342173,100.0,Regular
2023-07-25T16:18:07.217Z,XBTUSD,Sell,4100,29225.0,ZeroMinusTick,cf0c2248-e7b8-e621-b4f5-07700833fef5,14029093,0.14029093,4100.0,Regular
2023-07-25T16:18:07.218Z,XBTUSD,Sell,200,29224.5,MinusTick,0feb0c9f-6cce-e51a-4f4a-a531620bd93b,684358,0.00684358,200.0,Regular
2023-07-25T16:18:07.218Z,XBTUSD,Sell,200,29223.0,MinusTick,096f02b8-f02b-94ba-7f79-802ec1bdc07b,684392,0.00684392,200.0,Regular
2023-07-25T16:18:07.218Z,XBTUSD,Sell,100,29222.5,MinusTick,ae33fbdb-7eee-c1af-9109-4022d1e4656f,342202,0.00342202,100.0,Regular
2023-07-25T16:18:07.218Z,XBTUSD,Sell,71000,29222.5,ZeroMinusTick,f0a9bf93-d8f9-2d48-2c52-cd3d5ffaccd1,242963420,2.4296342,71000.0,Regular
2023-07-25T16:18:09.196Z,XBTUSD,Buy,200,29221.5,MinusTick,e04178f8-34d7-4e99-578a-274d4b407aeb,684428,0.00684428,200.0,Regular
2023-07-25T16:18:16.610Z,XBTUSD,Buy,3300,29221.5,ZeroMinusTick,80c8d5fb-e1d0-f795-6103-5e00afcd275b,11293062,0.11293062,3300.0,Regular
2023-07-25T16:18:16.610Z,XBTUSD,Buy,3300,29221.5,ZeroMinusTick,9d213453-8ea7-bf93-9b39-463875900ec8,11293062,0.11293062,3300.0,Regular
2023-07-25T16:18:16.610Z,XBTUSD,Buy,300,29221.5,ZeroMinusTick,62327c0d-4db2-b6b8-e6d3-412ad84cdb4c,1026642,0.01026642,300.0,Regular
2023-07-25T16:18:16.610Z,XBTUSD,Buy,200,29221.5,ZeroMinusTick,b34da9cd-0b4f-ab95-c7ca-2607e5dd04a3,684428,0.00684428,200.0,Regular
2023-07-25T16:18:16.610Z,XBTUSD,Buy,4600,29221.5,ZeroMinusTick,412dac20-4227-8182-0e5d-572928f34d2e,15741844,0.15741844,4600.0,Regular
2023-07-25T16:18:16.610Z,XBTUSD,Buy,5800,29221.5,ZeroMinusTick,0e06e764-29fb-dd6c-79b4-902fcbc079bf,19848412,0.19848412,5800.0,Regular
2023-07-25T16:18:16.610Z,XBTUSD,Buy,100,29221.5,ZeroMinusTick,01f375b3-436b-ffd6-ae19-d203d6b76a2a,342214,0.00342214,100.0,Regular
2023-07-25T16:18:16.610Z,XBTUSD,Buy,1200,29221.5,ZeroMinusTick,edfda207-8d5a-5f59-ce1f-451c3f5db79a,4106568,0.04106568,1200.0,Regular
2023-07-25T16:18:16.610Z,XBTUSD,Buy,13100,29221.5,ZeroMinusTick,6c660175-5ca3-afe4-e150-c77d2ef99f07,44830034,0.44830034,13100.0,Regular
2023-07-25T16:18:16.610Z,XBTUSD,Buy,53500,29221.5,ZeroMinusTick,96882bd7-50f7-ef74-834e-67dfdd9e35d3,183084490,1.8308449,53500.0,Regular
2023-07-25T16:18:16.610Z,XBTUSD,Buy,4900,29221.5,ZeroMinusTick,a028c2ee-a29d-b684-c899-5555cbe9ba1a,16768486,0.16768486,4900.0,Regular
2023-07-25T16:18:16.982Z,XBTUSD,Buy,100,29224.0,PlusTick,8b60b8d2-6238-1b02-2485-f183bc8209af,342185,0.00342185,100.0,Regular
2023-07-25T16:18:16.990Z,XBTUSD,Buy,100,29224.5,PlusTick,b92845d8-6e5c-b802-8f01-781713b0c121,342179,0.00342179,100.0,Regular
2023-07-25T16:18:23.182Z,XBTUSD,Buy,100,29229.5,PlusTick,a80c8d05-631c-11ea-6af4-1a94eb64b3e2,342120,0.0034212,100.0,Regular
2023-07-25T16:18:23.182Z,XBTUSD,Buy,100,29229.5,ZeroPlusTick,910ef6fe-084f-c772-80e6-7293b41d81da,342120,0.0034212,100.0,Regular
2023-07-25T16:18:23.182Z,XBTUSD,Buy,800,29229.5,ZeroPlusTick,8fbf1582-d8fe-dfa5-1ce8-d8c1be76295f,2736960,0.0273696,800.0,Regular
2023-07-25T16:18:23.182Z,XBTUSD,Buy,1500,29229.5,ZeroPlusTick,204f2a85-9d9a-e873-cb54-4655e72b189b,5131800,0.051318,1500.0,Regular
2023-07-25T16:18:23.192Z,XBTUSD,Buy,200,29230.0,PlusTick,431ac5e3-b0c5-9ebd-36ee-4a262b6b51bf,684228,0.00684228,200.0,Regular
2023-07-25T16:19:26.248Z,XBTUSD,Buy,100,29232.0,PlusTick,f4057b50-74be-308f-e23d-16e8ef56cbe1,342091,0.00342091,100.0,Regular
2023-07-25T16:19:26.248Z,XBTUSD,Buy,200,29232.0,ZeroPlusTick,af952e4f-90b8-3dd9-1c36-af9671c352b8,684182,0.00684182,200.0,Regular
2023-07-25T16:19:26.248Z,XBTUSD,Buy,1200,29232.0,ZeroPlusTick,2c08a20e-6ecb-6c88-9ea8-8dbc3f1dc9f2,4105092,0.04105092,1200.0,Regular
2023-07-25T16:19:26.248Z,XBTUSD,Buy,100,29232.0,ZeroPlusTick,008ccd0e-08c8-0aeb-f3d8-730fe074c18a,342091,0.00342091,100.0,Regular
2023-07-25T16:19:26.248Z,XBTUSD,Buy,1500,29232.0,ZeroPlusTick,9601e081-faa2-2593-8f4a-70737393f1ab,5131365,0.05131365,1500.0,Regular
2023-07-25T16:19:26.248Z,XBTUSD,Buy,9700,29232.0,ZeroPlusTick,6a9af756-9f65-4dfc-1966-a3fcb9d92ddd,33182827,0.33182827,9700.0,Regular
2023-07-25T16:19:26.251Z,XBTUSD,Buy,7000,29232.0,ZeroPlusTick,2551b7d8-a3b2-df4a-397b-b79fe0484b9c,23946370,0.2394637,7000.0,Regular
2023-07-25T16:19:26.251Z,XBTUSD,Buy,400,29232.0,ZeroPlusTick,d827dba4-8497-fd25-317c-c441ed5ed24e,1368364,0.01368364,400.0,Regular
2023-07-25T16:19:26.251Z,XBTUSD,Buy,400,29232.0,ZeroPlusTick,2c9a3b99-d24f-a935-f887-c1686c636ea5,1368364,0.01368364,400.0,Regular
2023-07-25T16:19:26.251Z,XBTUSD,Buy,200,29232.0,ZeroPlusTick,18bf35f5-ce62-0ec0-dc68-1030e307e722,684182,0.00684182,200.0,Regular
2023-07-25T16:19:26.251Z,XBTUSD,Buy,200,29232.0,ZeroPlusTick,bda5dc5b-3a7b-ec80-a58b-9dd468e31ecd,684182,0.00684182,200.0,Regular
2023-07-25T16:19:26.256Z,XBTUSD,Buy,200,29232.5,PlusTick,44f64947-77bc-6b55-d3b2-1961b3c77013,684170,0.0068417,200.0,Regular
2023-07-25T16:19:26.266Z,XBTUSD,Buy,100,29235.0,PlusTick,d2a593c1-c76d-0d25-bbe5-87ef960a4543,342056,0.00342056,100.0,Regular
2023-07-25T16:19:26.266Z,XBTUSD,Buy,200,29236.0,PlusTick,f9916bee-b8b6-d51f-9791-db645ffbc89f,684088,0.00684088,200.0,Regular
2023-07-25T16:19:26.266Z,XBTUSD,Buy,26200,29237.0,PlusTick,acafec41-ca32-ee23-604b-cec1f3dbc271,89612384,0.89612384,26200.0,Regular
2023-07-25T16:19:26.277Z,XBTUSD,Buy,29700,29237.0,ZeroPlusTick,29477664-6274-f60a-2b3e-9217674f11d1,101583504,1.01583504,29700.0,Regular
2023-07-25T16:19:26.282Z,XBTUSD,Buy,39500,29238.0,PlusTick,5103782f-4346-c023-d947-87c41cdd899f,135098295,1.35098295,39500.0,Regular
2023-07-25T16:19:26.282Z,XBTUSD,Buy,8000,29238.0,ZeroPlusTick,7bd40dee-2a45-534d-7c53-54edbf1112c3,27361680,0.2736168,8000.0,Regular
2023-07-25T16:19:26.282Z,XBTUSD,Buy,200,29238.5,PlusTick,9edc42a8-3f2a-1c91-48aa-66a31af2b1b6,684030,0.0068403,200.0,Regular
2023-07-25T16:19:26.282Z,XBTUSD,Buy,8800,29238.5,ZeroPlusTick,e4f2c5da-be81-dbf1-16c2-3bde82cea1de,30097320,0.3009732,8800.0,Regular
2023-07-25T16:19:26.282Z,XBTUSD,Buy,12400,29239.0,PlusTick,ee49655d-1867-039c-cedb-eae1b020fba0,42409116,0.42409116,12400.0,Regular
2023-07-25T16:19:26.282Z,XBTUSD,Buy,2200,29239.0,ZeroPlusTick,5f9363b6-aa10-6ad9-9ad9-5c33b320614b,7524198,0.07524198,2200.0,Regular
2023-07-25T16:19:26.288Z,XBTUSD,Buy,200,29239.5,PlusTick,cee281b1-5740-b281-7b23-23b61cca84ad,684006,0.00684006,200.0,Regular
2023-07-25T16:19:26.288Z,XBTUSD,Buy,100,29240.0,PlusTick,7edae2d1-e2f2-9397-a2ee-b0515521b1d6,341997,0.00341997,100.0,Regular
2023-07-25T16:19:26.288Z,XBTUSD,Buy,25000,29241.0,PlusTick,1beaadcc-9793-10bc-7ca9-0596490723c2,85496500,0.854965,25000.0,Regular
2023-07-25T16:19:26.288Z,XBTUSD,Buy,8000,29241.0,ZeroPlusTick,5d6bfba4-10fd-7648-7c92-777541f4af46,27358880,0.2735888,8000.0,Regular
2023-07-25T16:19:26.288Z,XBTUSD,Buy,1200,29241.5,PlusTick,8b420ab0-8610-f9fb-27e0-6eccb9ba4147,4103760,0.0410376,1200.0,Regular
2023-07-25T16:19:26.288Z,XBTUSD,Buy,15300,29241.5,ZeroPlusTick,602dfb3c-49a1-255b-4669-93542c36b593,52322940,0.5232294,15300.0,Regular
2023-07-25T16:19:26.292Z,XBTUSD,Buy,14000,29241.5,ZeroPlusTick,eca6c380-b1b3-3ddb-28bb-a784da9d2bd4,47877200,0.478772,14000.0,Regular
2023-07-25T16:19:26.292Z,XBTUSD,Buy,6700,29242.0,PlusTick,87237780-8b2f-7e18-32e7-2634aef867d1,22912258,0.22912258,6700.0,Regular
2023-07-25T16:19:26.297Z,XBTUSD,Buy,32700,29242.0,ZeroPlusTick,b0de3006-2ed9-36a6-89af-a38f768c9df7,111825498,1.11825498,32700.0,Regular
2023-07-25T16:19:26.327Z,XBTUSD,Buy,100,29242.0,ZeroPlusTick,50963349-630f-4d10-390a-e0280acc12cd,341974,0.00341974,100.0,Regular
2023-07-25T16:19:26.327Z,XBTUSD,Buy,300,29242.5,PlusTick,ee817053-6ae6-9eac-cf20-dfdbf919d6ff,1025904,0.01025904,300.0,Regular
2023-07-25T16:19:26.327Z,XBTUSD,Buy,200,29243.5,PlusTick,d33ccdca-12bb-660e-5472-3dbaa1e524bb,683912,0.00683912,200.0,Regular
2023-07-25T16:19:26.327Z,XBTUSD,Buy,5700,29243.5,ZeroPlusTick,b6e7d26a-f16b-b359-f4e0-adb6e5218e6f,19491492,0.19491492,5700.0,Regular
2023-07-25T16:19:26.350Z,XBTUSD,Buy,8900,29244.0,PlusTick,e7c297c8-2014-8ea5-883f-65380710d14e,30433550,0.3043355,8900.0,Regular
2023-07-25T16:19:26.350Z,XBTUSD,Buy,200,29244.0,ZeroPlusTick,a3fd8903-56d9-a7af-89b4-7dfd811c5aab,683900,0.006839,200.0,Regular
2023-07-25T16:19:26.350Z,XBTUSD,Buy,16100,29244.5,PlusTick,e65fe876-b4e3-d1a5-967a-ccd56a9135ce,55053145,0.55053145,16100.0,Regular
2023-07-25T16:19:26.353Z,XBTUSD,Buy,8000,29244.5,ZeroPlusTick,9d4bf219-9097-1133-c4d1-9c90e04eca2c,27355600,0.273556,8000.0,Regular
2023-07-25T16:19:26.353Z,XBTUSD,Buy,100,29245.0,PlusTick,9d1f6d50-bae4-f965-ce5e-7f1032339d6d,341939,0.00341939,100.0,Regular
2023-07-25T16:19:26.353Z,XBTUSD,Buy,39500,29245.0,ZeroPlusTick,aac5b34e-2f4f-4035-face-a503df1fb76c,135065905,1.35065905,39500.0,Regular
2023-07-25T16:19:26.353Z,XBTUSD,Buy,24800,29246.0,PlusTick,89281d89-9129-38ca-72ae-50be0abbe280,84797896,0.84797896,24800.0,Regular
2023-07-25T16:19:26.358Z,XBTUSD,Buy,13500,29246.0,ZeroPlusTick,fb450acd-0c98-e3d5-f8de-c4dd42a70bae,46160145,0.46160145,13500.0,Regular
2023-07-25T16:19:26.358Z,XBTUSD,Buy,26400,29247.0,PlusTick,dd8d9c0f-00f1-2a89-f676-08eb11b3a733,90265560,0.9026556,26400.0,Regular
2023-07-25T16:19:26.358Z,XBTUSD,Buy,17200,29248.5,PlusTick,fcbb14a4-eed7-57a9-01c2-3dc19e218bf1,58806456,0.58806456,17200.0,Regular
2023-07-25T16:19:26.358Z,XBTUSD,Buy,39500,29249.5,PlusTick,a9ea04af-0b94-e590-e385-a7a099113b26,135044970,1.3504497,39500.0,Regular
2023-07-25T16:19:26.358Z,XBTUSD,Buy,9600,29249.5,ZeroPlusTick,967ad338-b557-1c14-3b08-8a1f87ccf29a,32821056,0.32821056,9600.0,Regular
2023-07-25T16:19:26.365Z,XBTUSD,Buy,68200,29249.5,ZeroPlusTick,cc040e23-9549-3397-e1bd-b1c785f0e3cc,233166252,2.33166252,68200.0,Regular
2023-07-25T16:19:26.466Z,XBTUSD,Buy,75800,29249.5,ZeroPlusTick,22467579-6975-4cc2-137a-afb52f786162,259149588,2.59149588,75800.0,Regular
2023-07-25T16:19:26.522Z,XBTUSD,Buy,8800,29249.5,ZeroPlusTick,92f9dda9-61f2-6c03-db88-1e8702e93c4d,30085968,0.30085968,8800.0,Regular
2023-07-25T16:19:26.522Z,XBTUSD,Buy,19900,29250.0,PlusTick,3682d4b9-dfb4-85a3-73a3-604a9db79edd,68034120,0.6803412,19900.0,Regular
2023-07-25T16:19:26.523Z,XBTUSD,Buy,13000,29250.0,ZeroPlusTick,d1ce08fe-3a02-ce14-eec6-cbf7fc3effdd,44444400,0.444444,13000.0,Regular
2023-07-25T16:19:26.561Z,XBTUSD,Buy,100,29250.0,ZeroPlusTick,1fcab34b-e3d8-52c0-7310-552c82d15a6b,341880,0.0034188,100.0,Regular
2023-07-25T16:19:26.579Z,XBTUSD,Buy,27200,29250.0,ZeroPlusTick,916b222e-3862-2342-0b1f-61ea6ad017d7,92991360,0.9299136,27200.0,Regular
2023-07-25T16:19:26.594Z,XBTUSD,Buy,30500,29250.0,ZeroPlusTick,eb3b7c29-4321-0b48-65c7-ead3b2f69db3,104273400,1.042734,30500.0,Regular
2023-07-25T16:19:26.606Z,XBTUSD,Buy,24400,29250.0,ZeroPlusTick,075bbd54-349f-0d88-4011-224dba0fb10f,83418720,0.8341872,24400.0,Regular
2023-07-25T16:19:26.607Z,XBTUSD,Buy,19200,29250.0,ZeroPlusTick,258f833f-e0fa-5dc6-50cd-f8cfe74d9d3c,65640960,0.6564096,19200.0,Regular
2023-07-25T16:19:26.656Z,XBTUSD,Buy,5200,29250.0,ZeroPlusTick,b92e9baa-6c46-4a2d-9596-9793e7df7b92,17777760,0.1777776,5200.0,Regular
2023-07-25T16:19:26.758Z,XBTUSD,Buy,30200,29250.0,ZeroPlusTick,e65a237b-5486-0047-370b-766415b073bc,103247760,1.0324776,30200.0,Regular
2023-07-25T16:19:26.778Z,XBTUSD,Buy,1900,29250.0,ZeroPlusTick,e27484d5-5c63-c5f5-da54-3e166a3b128a,6495720,0.0649572,1900.0,Regular
2023-07-25T16:19:26.827Z,XBTUSD,Buy,1800,29250.0,ZeroPlusTick,cc627de5-08da-bfcc-a26d-cbeb82cac259,6153840,0.0615384,1800.0,Regular
2023-07-25T16:19:26.829Z,XBTUSD,Buy,33300,29250.0,ZeroPlusTick,f0ea625f-5416-4695-c732-84cf524e58b1,113846040,1.1384604,33300.0,Regular
2023-07-25T16:19:26.837Z,XBTUSD,Buy,38800,29250.0,ZeroPlusTick,0aef6194-8ba3-50de-175f-83821b2e23b5,132649440,1.3264944,38800.0,Regular
2023-07-25T16:19:26.849Z,XBTUSD,Buy,100,29250.0,ZeroPlusTick,177f5d3e-223d-e016-8889-0e854a3ba57f,341880,0.0034188,100.0,Regular
2023-07-25T16:19:26.853Z,XBTUSD,Buy,6700,29250.0,ZeroPlusTick,ebafa58e-4552-a765-e1c3-f6f1e8d23dd7,22905960,0.2290596,6700.0,Regular
2023-07-25T16:19:26.857Z,XBTUSD,Buy,20500,29250.0,ZeroPlusTick,f2901e19-b2b5-b191-6f9b-c45f971e93d9,70085400,0.700854,20500.0,Regular
2023-07-25T16:19:26.871Z,XBTUSD,Buy,400,29250.0,ZeroPlusTick,412b62fe-0d73-558f-f18d-5c29e9609707,1367520,0.0136752,400.0,Regular
2023-07-25T16:19:26.892Z,XBTUSD,Buy,20000,29250.0,ZeroPlusTick,b6ab1382-507e-319a-2988-791781e59c07,68376000,0.68376,20000.0,Regular
2023-07-25T16:19:26.901Z,XBTUSD,Buy,6800,29250.0,ZeroPlusTick,eeab8ced-98e2-0e5b-b88e-bebebc274b4f,23247840,0.2324784,6800.0,Regular
2023-07-25T16:19:26.973Z,XBTUSD,Buy,25000,29251.0,PlusTick,5263c118-45ab-4eca-d77e-f4e73a9c32d5,85467250,0.8546725,25000.0,Regular
2023-07-25T16:19:26.973Z,XBTUSD,Buy,45000,29252.5,PlusTick,f6d05a14-c8bb-2e71-e497-5957d3025923,153832950,1.5383295,45000.0,Regular
2023-07-25T16:19:27.014Z,XBTUSD,Buy,100,29256.0,PlusTick,12413da8-7c4e-88c3-9f80-af113ec1141f,341810,0.0034181,100.0,Regular
2023-07-25T16:19:27.014Z,XBTUSD,Buy,12900,29257.0,PlusTick,b37a2e09-037f-66b5-a3a4-03ccd2278ec3,44092071,0.44092071,12900.0,Regular
2023-07-25T16:19:27.019Z,XBTUSD,Buy,7500,29257.0,ZeroPlusTick,df6ef2be-e8a8-46cd-f356-6cfd54cc1725,25634925,0.25634925,7500.0,Regular
2023-07-25T16:19:27.019Z,XBTUSD,Buy,300,29257.5,PlusTick,21ea64b5-6e68-f0ba-aef6-c2120ec7063b,1025379,0.01025379,300.0,Regular
2023-07-25T16:19:27.019Z,XBTUSD,Buy,17100,29259.0,PlusTick,204c0ba0-acc0-cef5-a852-c50b6bf9762e,58443525,0.58443525,17100.0,Regular
2023-07-25T16:19:27.019Z,XBTUSD,Buy,100,29260.0,PlusTick,234a0a75-7101-4fbb-ad6d-6c857594f5e2,341763,0.00341763,100.0,Regular
2023-07-25T16:19:27.019Z,XBTUSD,Buy,25000,29261.0,PlusTick,af80c031-7639-c7e7-385c-af1c483186b6,85438000,0.85438,25000.0,Regular
2023-07-25T16:19:27.019Z,XBTUSD,Buy,2000,29262.5,PlusTick,d42f244d-c9f7-ba4a-f271-ce71ae0ba5b7,6834680,0.0683468,2000.0,Regular
2023-07-25T16:19:27.019Z,XBTUSD,Buy,6000,29262.5,ZeroPlusTick,ac59df62-f510-0f65-3163-ed1af8693794,20504040,0.2050404,6000.0,Regular
2023-07-25T16:19:27.186Z,XBTUSD,Buy,800,29253.0,MinusTick,f96d6887-85a6-f738-c485-b199fc92bbb9,2734760,0.0273476,800.0,Regular
2023-07-25T16:19:27.204Z,XBTUSD,Buy,1000,29263.0,PlusTick,3c86b473-f089-eed2-dedf-e2a442cfae37,3417280,0.0341728,1000.0,Regular
2023-07-25T16:19:27.204Z,XBTUSD,Buy,17800,29263.0,ZeroPlusTick,1c0e6113-ad49-32a2-f057-70b13c2f6e22,60827584,0.60827584,17800.0,Regular
2023-07-25T16:19:27.284Z,XBTUSD,Buy,100,29252.5,MinusTick,9acde08a-b76a-e140-a89b-a07acfb13970,341851,0.00341851,100.0,Regular
2023-07-25T16:19:27.299Z,XBTUSD,Buy,700,29252.5,ZeroMinusTick,3cb87a5a-a911-96ea-6aed-8fcaf931fb08,2392957,0.02392957,700.0,Regular
2023-07-25T16:19:27.299Z,XBTUSD,Buy,800,29253.0,PlusTick,05f53751-49fd-a044-1b60-705301b0a65f,2734760,0.0273476,800.0,Regular
2023-07-25T16:19:27.338Z,XBTUSD,Buy,27100,29263.0,PlusTick,6ac14425-6e7c-0514-7f2b-131bdd7316d6,92608288,0.92608288,27100.0,Regular
2023-07-25T16:19:27.355Z,XBTUSD,Buy,9200,29263.0,ZeroPlusTick,7cbb7d74-e98e-576e-4e92-6573a033ab62,31438976,0.31438976,9200.0,Regular
2023-07-25T16:19:27.414Z,XBTUSD,Buy,2500,29263.0,ZeroPlusTick,a87e46b4-ac84-2ab4-89a0-ebea40c504f0,8543200,0.085432,2500.0,Regular
2023-07-25T16:19:27.440Z,XBTUSD,Buy,22200,29263.0,ZeroPlusTick,198c796f-68bb-730f-fa26-0d4599bd0cab,75863616,0.75863616,22200.0,Regular
2023-07-25T16:19:27.445Z,XBTUSD,Buy,3000,29263.0,ZeroPlusTick,0a6ad4ea-0ff9-61bb-cf0b-40ef188ff38a,10251840,0.1025184,3000.0,Regular
2023-07-25T16:19:27.453Z,XBTUSD,Buy,1700,29263.0,ZeroPlusTick,f6b6bee9-f273-a1e5-e099-e342d875a4a0,5809376,0.05809376,1700.0,Regular
2023-07-25T16:19:27.477Z,XBTUSD,Buy,16500,29263.0,ZeroPlusTick,4b3db15e-11ae-2b96-251c-0dfd5f190a6f,56385120,0.5638512,16500.0,Regular
2023-07-25T16:19:27.556Z,XBTUSD,Buy,800,29259.5,MinusTick,d0d6ca1d-3744-a245-3096-40c0bc218701,2734152,0.02734152,800.0,Regular
2023-07-25T16:19:27.568Z,XBTUSD,Buy,4000,29265.0,PlusTick,0d95848a-3e2c-1631-50f0-29d02605818c,13668200,0.136682,4000.0,Regular
2023-07-25T16:19:27.568Z,XBTUSD,Buy,100,29265.5,PlusTick,e14155a6-ba1d-1f58-3838-8bf2aae9b8dc,341699,0.00341699,100.0,Regular
2023-07-25T16:19:27.568Z,XBTUSD,Buy,1200,29265.5,ZeroPlusTick,90904990-2dcd-73ba-c493-8f7a9afdd41d,4100388,0.04100388,1200.0,Regular
2023-07-25T16:19:27.631Z,XBTUSD,Buy,14900,29266.5,PlusTick,5ebcd9c8-a6cb-2aef-9c3b-8629af80e0ee,50911512,0.50911512,14900.0,Regular
2023-07-25T16:19:27.706Z,XBTUSD,Buy,5100,29266.5,ZeroPlusTick,4ee0fd84-1595-f8f2-2b92-bc7262982b58,17426088,0.17426088,5100.0,Regular
2023-07-25T16:19:27.706Z,XBTUSD,Buy,9900,29267.0,PlusTick,c5925c9a-6ae5-7841-6fd5-4bb1b24bb10c,33826518,0.33826518,9900.0,Regular
2023-07-25T16:19:27.719Z,XBTUSD,Buy,500,29267.0,ZeroPlusTick,3cc93147-6d79-5143-55f7-6254e9a92be2,1708410,0.0170841,500.0,Regular
2023-07-25T16:19:27.758Z,XBTUSD,Buy,33700,29267.0,ZeroPlusTick,313e99c3-7616-3957-f559-b744bb204350,115146834,1.15146834,33700.0,Regular
2023-07-25T16:19:27.758Z,XBTUSD,Buy,100,29269.5,PlusTick,25753ec2-8dc2-b4b8-3c7a-666f2fd00779,341653,0.00341653,100.0,Regular
2023-07-25T16:19:27.778Z,XBTUSD,Buy,100,29270.0,PlusTick,252540df-0ef1-a507-9332-9d702542b584,341647,0.00341647,100.0,Regular
2023-07-25T16:19:27.794Z,XBTUSD,Buy,100,29271.0,PlusTick,3fa62134-0630-4b00-89d3-2b6c009ecd8d,341635,0.00341635,100.0,Regular
2023-07-25T16:19:27.797Z,XBTUSD,Buy,10000,29271.0,ZeroPlusTick,8dd3cf02-36be-cc25-fa6e-42425e3e6462,34163500,0.341635,10000.0,Regular
2023-07-25T16:19:27.842Z,XBTUSD,Sell,3800,29269.5,MinusTick,35f1bf52-2909-b5c3-1055-ea4384f760e9,12982814,0.12982814,3800.0,Regular
2023-07-25T16:19:27.904Z,XBTUSD,Buy,5100,29271.0,PlusTick,8f187655-e903-14f8-8ff5-6930c2d70277,17423385,0.17423385,5100.0,Regular
2023-07-25T16:19:27.917Z,XBTUSD,Buy,9800,29271.0,ZeroPlusTick,241127c7-2d42-b428-c500-2c62bd2d021b,33480230,0.3348023,9800.0,Regular
2023-07-25T16:19:27.917Z,XBTUSD,Buy,2300,29271.5,PlusTick,46f9336b-6f16-27b7-27a1-774b590c204b,7857467,0.07857467,2300.0,Regular
2023-07-25T16:19:27.951Z,XBTUSD,Buy,1200,29271.5,ZeroPlusTick,bc110d63-f036-892e-dfcf-115ec6fe393f,4099548,0.04099548,1200.0,Regular
2023-07-25T16:19:27.951Z,XBTUSD,Buy,100,29272.5,PlusTick,f7fa7133-293d-03cd-be97-3fe32c707c18,341618,0.00341618,100.0,Regular
2023-07-25T16:19:27.951Z,XBTUSD,Buy,1600,29273.5,PlusTick,6d3f0d4b-dfbe-2526-1bb1-839fdcee3f32,5465696,0.05465696,1600.0,Regular
2023-07-25T16:19:28.003Z,XBTUSD,Buy,4000,29273.5,ZeroPlusTick,7a80d780-bab0-99fb-6939-6e8a5ad70b35,13664240,0.1366424,4000.0,Regular
2023-07-25T16:19:28.011Z,XBTUSD,Sell,10100,29272.0,MinusTick,36f26ed4-9e90-7a91-e6a7-dfc2988387af,34503923,0.34503923,10100.0,Regular
2023-07-25T16:19:28.011Z,XBTUSD,Sell,115500,29272.0,ZeroMinusTick,9ddd4c5c-3453-30fe-1e75-c0753ae423db,394574565,3.94574565,115500.0,Regular
2023-07-25T16:19:28.011Z,XBTUSD,Sell,31300,29272.0,ZeroMinusTick,4a4ec7d3-cff1-3c48-3040-13d86a718a78,106927999,1.06927999,31300.0,Regular
2023-07-25T16:19:28.011Z,XBTUSD,Sell,55900,29270.5,MinusTick,c17e7d8a-7681-4461-b0db-03738eea1913,190977319,1.90977319,55900.0,Regular
2023-07-25T16:19:28.011Z,XBTUSD,Sell,4700,29270.5,ZeroMinusTick,b65c2226-4cfd-b8ce-3609-fa5e72ea2609,16057127,0.16057127,4700.0,Regular
2023-07-25T16:19:28.054Z,XBTUSD,Buy,10800,29273.5,PlusTick,02ce5819-1e1d-de34-f585-5a9d8fe2bc47,36893448,0.36893448,10800.0,Regular
2023-07-25T16:19:28.054Z,XBTUSD,Buy,6000,29273.5,ZeroPlusTick,7a0bdf84-5a30-ee17-47bb-92fb77fd615c,20496360,0.2049636,6000.0,Regular
2023-07-25T16:19:28.054Z,XBTUSD,Buy,33900,29273.5,ZeroPlusTick,9ff2b201-4d91-1f06-b3b8-acf3d8d1ffb4,115804434,1.15804434,33900.0,Regular
2023-07-25T16:19:28.054Z,XBTUSD,Buy,5500,29275.0,PlusTick,3ad60b36-c207-9dc0-77b3-e16e51a1f076,18787340,0.1878734,5500.0,Regular
2023-07-25T16:19:28.060Z,XBTUSD,Sell,1300,29273.0,MinusTick,c072f0ce-5a9f-1c26-a487-38d604677772,4440956,0.04440956,1300.0,Regular
2023-07-25T16:19:28.063Z,XBTUSD,Buy,3300,29275.0,PlusTick,7da6726c-234f-2201-aa7a-1fd4dce65a71,11272404,0.11272404,3300.0,Regular
2023-07-25T16:19:28.063Z,XBTUSD,Buy,11800,29275.5,PlusTick,706e9295-6862-d3b8-d54e-ead297fb3c8a,40306794,0.40306794,11800.0,Regular
2023-07-25T16:19:28.073Z,XBTUSD,Buy,3500,29275.5,ZeroPlusTick,114c95a8-30b0-10f8-e443-a81da4bfd735,11955405,0.11955405,3500.0,Regular
2023-07-25T16:19:28.079Z,XBTUSD,Buy,1200,29275.0,MinusTick,f3063244-1bc8-ce70-58ec-f64a7522885e,4099056,0.04099056,1200.0,Regular
2023-07-25T16:19:28.079Z,XBTUSD,Buy,24200,29275.5,PlusTick,7a031170-977b-4cbc-24ea-633a3125d30c,82663086,0.82663086,24200.0,Regular
2023-07-25T16:19:28.079Z,XBTUSD,Buy,53500,29276.0,PlusTick,9f457b13-e745-af34-4f15-c416e3551cb4,182743695,1.82743695,53500.0,Regular
2023-07-25T16:19:28.094Z,XBTUSD,Sell,23100,29273.0,MinusTick,c4c55493-d587-f627-e1e6-02179ed15da6,78912372,0.78912372,23100.0,Regular
2023-07-25T16:19:28.094Z,XBTUSD,Sell,12600,29272.0,MinusTick,c9f41f99-62ae-8f9b-db8d-079455669ffe,43044498,0.43044498,12600.0,Regular
2023-07-25T16:19:28.094Z,XBTUSD,Sell,38600,29270.5,MinusTick,865fb732-fb99-b14c-acda-35210a88009a,131873426,1.31873426,38600.0,Regular
2023-07-25T16:19:28.097Z,XBTUSD,Sell,100,29270.5,ZeroMinusTick,d75251c6-0fc8-70ef-70b5-cea4f2898fff,341641,0.00341641,100.0,Regular
2023-07-25T16:19:28.110Z,XBTUSD,Sell,5800,29272.0,PlusTick,11f921ca-11a4-d3fb-b82f-906b90661eac,19814134,0.19814134,5800.0,Regular
2023-07-25T16:19:28.116Z,XBTUSD,Buy,6900,29272.5,PlusTick,79b7e4ef-08aa-c72e-e484-f2a6f30da5b3,23571642,0.23571642,6900.0,Regular
2023-07-25T16:19:28.126Z,XBTUSD,Buy,20600,29272.5,ZeroPlusTick,c92b13ea-b8e2-83e0-8635-c549259c7390,70373308,0.70373308,20600.0,Regular
2023-07-25T16:19:28.126Z,XBTUSD,Buy,30500,29272.5,ZeroPlusTick,43f8c818-d211-84fb-d041-1e77e5752f49,104193490,1.0419349,30500.0,Regular
2023-07-25T16:19:28.131Z,XBTUSD,Buy,16100,29271.0,MinusTick,41f68e10-97e0-a3cc-d2bc-31a84fab88ff,55003235,0.55003235,16100.0,Regular
2023-07-25T16:19:28.131Z,XBTUSD,Buy,3500,29272.5,PlusTick,8c56a8ad-cd82-0d4a-d505-4b117d348971,11956630,0.1195663,3500.0,Regular
2023-07-25T16:19:28.142Z,XBTUSD,Buy,5500,29272.5,ZeroPlusTick,ef1ae655-abf2-bba8-d59e-279536232d7c,18788990,0.1878899,5500.0,Regular
2023-07-25T16:19:28.142Z,XBTUSD,Buy,2400,29273.0,PlusTick,80f09892-ab31-64e6-7e89-b51104793495,8198688,0.08198688,2400.0,Regular
2023-07-25T16:19:28.206Z,XBTUSD,Buy,11400,29273.0,ZeroPlusTick,186f7bc1-997c-f9f6-53e4-45c9282e9ee8,38943768,0.38943768,11400.0,Regular
2023-07-25T16:19:28.217Z,XBTUSD,Buy,24100,29270.5,MinusTick,4dbe5161-6187-45f2-9408-32656f4b2c2a,82335481,0.82335481,24100.0,Regular
2023-07-25T16:19:28.217Z,XBTUSD,Buy,2300,29273.0,PlusTick,0bef2245-27ca-bc92-d717-1b16b674d993,7857076,0.07857076,2300.0,Regular
2023-07-25T16:19:28.217Z,XBTUSD,Buy,800,29273.0,ZeroPlusTick,6c4379c0-ceb9-0755-e476-723c48b2b91a,2732896,0.02732896,800.0,Regular
2023-07-25T16:19:28.217Z,XBTUSD,Buy,34000,29273.5,PlusTick,2787fa27-2717-9d14-4f0b-f2da0c29e2f8,116146040,1.1614604,34000.0,Regular
2023-07-25T16:19:28.287Z,XBTUSD,Buy,5000,29272.5,MinusTick,6f5423a0-50fb-40b5-3080-95b106745b0c,17080900,0.170809,5000.0,Regular
2023-07-25T16:19:28.432Z,XBTUSD,Sell,200,29272.0,MinusTick,f8a3343b-cc51-84b3-c984-8902478b757f,683246,0.00683246,200.0,Regular
2023-07-25T16:19:28.832Z,XBTUSD,Sell,42200,29272.0,ZeroMinusTick,baa2b2bb-69f3-c331-81f3-dc822aa14e88,144164906,1.44164906,42200.0,Regular
2023-07-25T16:19:29.474Z,XBTUSD,Sell,1600,29268.5,MinusTick,2b250fb6-5e61-4e5b-952b-b1b94e771aed,5466624,0.05466624,1600.0,Regular
2023-07-25T16:19:29.697Z,XBTUSD,Buy,5000,29269.0,PlusTick,ed35e01d-d6e0-9f80-afd5-114270de87f1,17082900,0.170829,5000.0,Regular
2023-07-25T16:19:30.518Z,XBTUSD,Sell,1200,29268.5,MinusTick,f3044adf-2f3a-5664-0c0a-3b05bb7bcd8d,4099968,0.04099968,1200.0,Regular
2023-07-25T16:19:30.589Z,XBTUSD,Sell,200,29268.5,ZeroMinusTick,69ead1bd-b1f9-ede4-b1ad-48a0e4f1abbe,683328,0.00683328,200.0,Regular
2023-07-25T16:19:30.819Z,XBTUSD,Buy,600,29272.5,PlusTick,b4a0ddd7-0d7e-e109-331e-0e178f84515a,2049708,0.02049708,600.0,Regular
2023-07-25T16:19:31.568Z,XBTUSD,Sell,300,29272.0,MinusTick,a9b31f86-5983-16ce-2893-ae3293109f1d,1024869,0.01024869,300.0,Regular
2023-07-25T16:19:32.615Z,XBTUSD,Sell,200,29272.0,ZeroMinusTick,8c0115b7-11ef-b923-bc5b-281e69548ff2,683246,0.00683246,200.0,Regular
2023-07-25T16:19:33.353Z,XBTUSD,Buy,400,29272.5,PlusTick,4924b9eb-ae60-acd1-57d4-8444bd3f6bd0,1366472,0.01366472,400.0,Regular
2023-07-25T16:19:33.353Z,XBTUSD,Buy,400,29272.5,ZeroPlusTick,62d389d2-21ec-c2df-5e0a-555d3b321696,1366472,0.01366472,400.0,Regular
2023-07-25T16:19:33.659Z,XBTUSD,Sell,100,29272.0,MinusTick,371a6c5a-1543-2d30-c3bb-77455c11fc88,341623,0.00341623,100.0,Regular
2023-07-25T16:19:34.196Z,XBTUSD,Sell,100,29272.0,ZeroMinusTick,e60cf287-d22e-9a64-2b11-da2f4c2c2a79,341623,0.00341623,100.0,Regular
2023-07-25T16:19:34.712Z,XBTUSD,Sell,200,29272.0,ZeroMinusTick,0cd03338-d150-8e10-74a0-f2c972f298fd,683246,0.00683246,200.0,Regular
2023-07-25T16:19:35.775Z,XBTUSD,Sell,100,29272.0,ZeroMinusTick,2b86672c-eec9-9f70-3953-43ba46cf0255,341623,0.00341623,100.0,Regular
2023-07-25T16:19:36.407Z,XBTUSD,Buy,300,29272.5,PlusTick,acee1bbb-e4a4-0b6d-cd20-0f535a7baabe,1024854,0.01024854,300.0,Regular
2023-07-25T16:19:36.811Z,XBTUSD,Sell,200,29272.0,MinusTick,d73ec515-809b-6211-42a9-7a4d551bd870,683246,0.00683246,200.0,Regular
2023-07-25T16:19:37.126Z,XBTUSD,Sell,38600,29272.0,ZeroMinusTick,9bd780b5-2ae5-e4fa-5754-e68d2164dd20,131866478,1.31866478,38600.0,Regular
2023-07-25T16:19:37.126Z,XBTUSD,Sell,1000,29272.0,ZeroMinusTick,7a67b11a-a0cd-2395-6b1e-69eaeafb3189,3416230,0.0341623,1000.0,Regular
2023-07-25T16:19:37.126Z,XBTUSD,Sell,100,29272.0,ZeroMinusTick,7abd5459-50d7-d830-0a5d-fcba430ae98c,341623,0.00341623,100.0,Regular
2023-07-25T16:19:37.126Z,XBTUSD,Sell,300,29272.0,ZeroMinusTick,7ea00b45-319e-00d1-6401-f2dfb3f22770,1024869,0.01024869,300.0,Regular
2023-07-25T16:19:37.126Z,XBTUSD,Sell,100,29272.0,ZeroMinusTick,51ca536e-f8a1-4f2f-11a5-a315cc678baa,341623,0.00341623,100.0,Regular
2023-07-25T16:19:39.026Z,XBTUSD,Buy,100,29272.5,PlusTick,4b68db66-3134-6d79-f5d1-ba57e5a8c9df,341618,0.00341618,100.0,Regular
2023-07-25T16:19:39.607Z,XBTUSD,Sell,5000,29272.0,MinusTick,c94fc63a-8b01-72ee-5a93-e90d8ca8134b,17081150,0.1708115,5000.0,Regular
2023-07-25T16:19:40.332Z,XBTUSD,Sell,9300,29272.0,ZeroMinusTick,e201c7a0-769c-e724-6429-716d39722a88,31770939,0.31770939,9300.0,Regular
2023-07-25T16:19:40.332Z,XBTUSD,Sell,800,29272.0,ZeroMinusTick,2e53f6b6-bfb1-b5b7-88dc-7290514b63c6,2732984,0.02732984,800.0,Regular
2023-07-25T16:19:40.332Z,XBTUSD,Sell,200,29272.0,ZeroMinusTick,e2eb1660-4f97-ef38-7923-3b005f555168,683246,0.00683246,200.0,Regular
2023-07-25T16:19:40.332Z,XBTUSD,Sell,13300,29270.0,MinusTick,6eb15a59-d29d-c280-5bee-f921c889c347,45439051,0.45439051,13300.0,Regular
2023-07-25T16:19:40.338Z,XBTUSD,Sell,100,29269.5,MinusTick,cd285bdd-d9e1-bc59-04f5-fa0a47e72953,341653,0.00341653,100.0,Regular
2023-07-25T16:19:40.338Z,XBTUSD,Sell,46700,29269.5,ZeroMinusTick,7bf30232-f5f7-bbd1-6fbd-e851cad0778e,159551951,1.59551951,46700.0,Regular
2023-07-25T16:19:40.361Z,XBTUSD,Sell,100,29269.0,MinusTick,dccaa6ea-d09b-2cbf-b7c8-69adfbede89b,341658,0.00341658,100.0,Regular
2023-07-25T16:19:43.553Z,XBTUSD,Buy,100,29265.5,MinusTick,8807427a-15d0-8ec0-a1c6-351f76515c09,341699,0.00341699,100.0,Regular
2023-07-25T16:19:45.216Z,XBTUSD,Sell,6000,29268.0,PlusTick,ce0e0d02-b52c-e15f-a17a-71e497646e78,20500200,0.205002,6000.0,Regular
2023-07-25T16:19:51.435Z,XBTUSD,Buy,100,29268.5,PlusTick,30303f18-3973-7d77-0ca5-f25f65fba9bd,341664,0.00341664,100.0,Regular
2023-07-25T16:19:51.435Z,XBTUSD,Buy,100,29268.5,ZeroPlusTick,e45a7010-4c04-ed28-b738-7b225ec4896b,341664,0.00341664,100.0,Regular
2023-07-25T16:19:51.435Z,XBTUSD,Buy,100,29268.5,ZeroPlusTick,f320a43e-dff3-ed2d-bc38-8b49bb65eb73,341664,0.00341664,100.0,Regular
2023-07-25T16:19:51.435Z,XBTUSD,Buy,1300,29268.5,ZeroPlusTick,05fcdfe4-803b-da90-38dd-858ad78143f2,4441632,0.04441632,1300.0,Regular
2023-07-25T16:19:51.437Z,XBTUSD,Buy,1400,29268.5,ZeroPlusTick,75128cdf-0adb-1c9d-3134-96ae79f12654,4783296,0.04783296,1400.0,Regular
2023-07-25T16:19:51.437Z,XBTUSD,Buy,100,29268.5,ZeroPlusTick,259a1246-e28b-da0c-f6ac-f10c4b7719e6,341664,0.00341664,100.0,Regular
2023-07-25T16:19:51.437Z,XBTUSD,Buy,800,29268.5,ZeroPlusTick,f1f88d77-13d2-a1da-4f1c-797f63acf5d3,2733312,0.02733312,800.0,Regular
2023-07-25T16:19:51.437Z,XBTUSD,Buy,31200,29268.5,ZeroPlusTick,b6f86507-38ac-fe4f-cf65-5ab3fd99095d,106599168,1.06599168,31200.0,Regular
2023-07-25T16:19:51.491Z,XBTUSD,Buy,300,29272.5,PlusTick,74e03c69-92f3-7560-4547-5a9b7666538e,1024854,0.01024854,300.0,Regular
2023-07-25T16:19:51.491Z,XBTUSD,Buy,7900,29272.5,ZeroPlusTick,735cad67-1472-3e26-a437-eac9955a8c86,26987822,0.26987822,7900.0,Regular
2023-07-25T16:19:53.153Z,XBTUSD,Buy,100,29275.5,PlusTick,feab6e3b-7779-5e5e-6dae-14b66c716f23,341583,0.00341583,100.0,Regular
2023-07-25T16:19:53.153Z,XBTUSD,Buy,100,29275.5,ZeroPlusTick,a8293d5f-a713-0274-a1d9-8beab50d73a4,341583,0.00341583,100.0,Regular
2023-07-25T16:19:53.307Z,XBTUSD,Sell,24400,29279.5,PlusTick,6639d7b9-b8fd-51a4-43a9-0e5e9f7c6fd0,83334784,0.83334784,24400.0,Regular
2023-07-25T16:19:55.283Z,XBTUSD,Sell,1200,29275.0,MinusTick,9d3fbf7c-aad8-d3fb-9842-e93f029b9fd4,4099056,0.04099056,1200.0,Regular
2023-07-25T16:19:55.299Z,XBTUSD,Sell,1700,29275.0,ZeroMinusTick,3c00bb92-fcaa-6682-d056-9b2ef62f2297,5806996,0.05806996,1700.0,Regular
2023-07-25T16:19:57.646Z,XBTUSD,Sell,200,29273.5,MinusTick,285bbc58-a26e-c16c-a9f7-375d32b9e868,683212,0.00683212,200.0,Regular
2023-07-25T16:19:57.733Z,XBTUSD,Sell,100,29272.0,MinusTick,2d22b47c-812a-cac1-b397-32629c65d3d3,341623,0.00341623,100.0,Regular
2023-07-25T16:19:57.876Z,XBTUSD,Buy,8000,29271.5,MinusTick,585c07e4-42ec-07fb-fcf9-8066a3471b98,27330320,0.2733032,8000.0,Regular
2023-07-25T16:19:57.876Z,XBTUSD,Buy,2100,29271.5,ZeroMinusTick,9939e5cc-7de9-ba2f-e134-dfa6714c63fc,7174209,0.07174209,2100.0,Regular
2023-07-25T16:20:03.888Z,XBTUSD,Buy,2000,29271.5,ZeroMinusTick,4139e485-4bc6-37aa-2989-160c46490bb5,6832580,0.0683258,2000.0,Regular
2023-07-25T16:20:05.598Z,XBTUSD,Sell,100,29271.0,MinusTick,efe37a5f-06ad-3e4e-7af4-4a2da5f17d5f,341635,0.00341635,100.0,Regular
2023-07-25T16:20:05.609Z,XBTUSD,Sell,1200,29270.5,MinusTick,82935593-95d7-0f75-1345-43c626038343,4099692,0.04099692,1200.0,Regular
2023-07-25T16:20:05.614Z,XBTUSD,Sell,7700,29270.5,ZeroMinusTick,5a1177af-5f49-181b-74ec-d3ff66b0d3ac,26306357,0.26306357,7700.0,Regular
2023-07-25T16:20:07.003Z,XBTUSD,Sell,6000,29266.0,MinusTick,6422bbca-4c37-9995-3219-1dded09a48be,20501580,0.2050158,6000.0,Regular
2023-07-25T16:20:07.117Z,XBTUSD,Sell,5000,29265.0,MinusTick,0c61420d-42e0-0c94-473b-6680c82d595d,17085250,0.1708525,5000.0,Regular
2023-07-25T16:20:11.051Z,XBTUSD,Sell,100,29264.5,MinusTick,3692a335-ca9b-98d1-4813-99954ae1fce1,341711,0.00341711,100.0,Regular
2023-07-25T16:20:11.051Z,XBTUSD,Sell,4100,29264.5,ZeroMinusTick,6ba8bfc4-5021-d1a1-4277-b55dc659859a,14010151,0.14010151,4100.0,Regular
2023-07-25T16:20:11.051Z,XBTUSD,Sell,3700,29264.5,ZeroMinusTick,a1526965-f8f0-3bff-3134-67187ff73982,12643307,0.12643307,3700.0,Regular
2023-07-25T16:20:11.634Z,XBTUSD,Sell,1200,29262.0,MinusTick,1cd08f18-56f4-5bc4-0818-2dc79cf53870,4100880,0.0410088,1200.0,Regular
2023-07-25T16:20:17.542Z,XBTUSD,Sell,100,29255.5,MinusTick,80aedd5a-37a3-83c6-1d3b-fc4ee4935795,341816,0.00341816,100.0,Regular
2023-07-25T16:20:17.619Z,XBTUSD,Sell,1800,29255.5,ZeroMinusTick,37a75b86-fd54-b0da-fdea-fafd67b4e646,6152688,0.06152688,1800.0,Regular
2023-07-25T16:20:17.619Z,XBTUSD,Sell,3200,29255.5,ZeroMinusTick,baca9b03-ac67-92d2-6ea5-ea7fd9e2c28d,10938112,0.10938112,3200.0,Regular
2023-07-25T16:20:35.401Z,XBTUSD,Sell,5000,29254.5,MinusTick,4bc58c64-5049-2a6c-30ff-f23522f3467d,17091400,0.170914,5000.0,Regular
2023-07-25T16:20:38.252Z,XBTUSD,Buy,3800,29254.5,ZeroMinusTick,4bb29fda-a562-f836-8822-0b87981585b2,12989464,0.12989464,3800.0,Regular
2023-07-25T16:20:38.252Z,XBTUSD,Buy,1600,29254.5,ZeroMinusTick,fc58ba54-aebc-fec4-d0a2-f9dbd2f440b8,5469248,0.05469248,1600.0,Regular
2023-07-25T16:20:38.252Z,XBTUSD,Buy,4600,29254.5,ZeroMinusTick,571a560e-6e48-36a9-9cbd-3ccfa4fc0f1f,15724088,0.15724088,4600.0,Regular
2023-07-25T16:20:38.252Z,XBTUSD,Buy,9500,29254.5,ZeroMinusTick,53ff0ea2-53c1-4369-1062-e537193a4ef8,32473660,0.3247366,9500.0,Regular
2023-07-25T16:20:39.090Z,XBTUSD,Buy,4600,29256.0,PlusTick,6af22d7b-2cea-d0e8-5478-cbc291d29798,15723260,0.1572326,4600.0,Regular
2023-07-25T16:20:46.036Z,XBTUSD,Sell,1100,29262.5,PlusTick,5b4adb6b-2243-5fda-0c5b-ce3d30ceadb4,3759074,0.03759074,1100.0,Regular
2023-07-25T16:20:46.036Z,XBTUSD,Sell,900,29262.5,ZeroPlusTick,01a8d28d-f1fe-0db1-74bf-553e45d2bdc4,3075606,0.03075606,900.0,Regular
2023-07-25T16:20:46.611Z,XBTUSD,Buy,2000,29260.5,MinusTick,4be2091b-6b69-3650-9771-665524e61594,6835160,0.0683516,2000.0,Regular
2023-07-25T16:20:53.087Z,XBTUSD,Sell,1200,29255.5,MinusTick,58536bf8-2d2a-a685-f492-38bdd5af5c67,4101792,0.04101792,1200.0,Regular
2023-07-25T16:20:53.087Z,XBTUSD,Sell,200,29255.5,ZeroMinusTick,ec58798f-0b82-ef22-dcbd-f61477a09b0c,683632,0.00683632,200.0,Regular
2023-07-25T16:21:08.963Z,XBTUSD,Buy,100,29257.0,PlusTick,2b7b0e8a-a54e-8aa0-64d3-7ac6d97c9962,341799,0.00341799,100.0,Regular
2023-07-25T16:21:08.963Z,XBTUSD,Buy,2300,29257.0,ZeroPlusTick,df93b7f0-fa51-ade2-bd22-bed0949fccfd,7861377,0.07861377,2300.0,Regular
2023-07-25T16:21:08.963Z,XBTUSD,Buy,62700,29257.0,ZeroPlusTick,ca5f6c4e-f456-7779-8ffe-0cee91be70a7,214307973,2.14307973,62700.0,Regular
2023-07-25T16:21:08.963Z,XBTUSD,Buy,100,29257.0,ZeroPlusTick,3a793833-77f2-6ce0-7b70-30e9080b4823,341799,0.00341799,100.0,Regular
2023-07-25T16:21:08.963Z,XBTUSD,Buy,2600,29257.0,ZeroPlusTick,65c1137c-9710-b2a7-4eae-ff2deed030ac,8886774,0.08886774,2600.0,Regular
2023-07-25T16:21:08.963Z,XBTUSD,Buy,200,29257.0,ZeroPlusTick,3f8ea2b9-12e7-93a4-b148-0299c75ca83e,683598,0.00683598,200.0,Regular
2023-07-25T16:21:09.021Z,XBTUSD,Buy,300,29257.5,PlusTick,1112e465-408f-1b99-f648-8d353838339d,1025379,0.01025379,300.0,Regular
2023-07-25T16:21:10.903Z,XBTUSD,Buy,100,29263.0,PlusTick,15542af1-6c46-950f-d8a0-28bcd76632b5,341728,0.00341728,100.0,Regular
2023-07-25T16:21:22.381Z,XBTUSD,Sell,6100,29268.5,PlusTick,a0d787d0-c825-3597-b9b9-5e4a30aadab5,20841504,0.20841504,6100.0,Regular
2023-07-25T16:21:22.381Z,XBTUSD,Sell,100,29268.5,ZeroPlusTick,02825d60-5e5b-ba3c-1565-a6bea86d57b4,341664,0.00341664,100.0,Regular
2023-07-25T16:21:22.381Z,XBTUSD,Sell,3800,29268.5,ZeroPlusTick,43503a53-0e85-8528-6b7e-809dfbe75bb0,12983232,0.12983232,3800.0,Regular
2023-07-25T16:21:22.381Z,XBTUSD,Sell,100,29268.5,ZeroPlusTick,28432bde-372c-1eb3-a2ed-a1d4c49a132b,341664,0.00341664,100.0,Regular
2023-07-25T16:21:22.381Z,XBTUSD,Sell,14800,29268.5,ZeroPlusTick,8436bdd2-c24b-d1d7-99c7-998b9e4a7fcb,50566272,0.50566272,14800.0,Regular
2023-07-25T16:21:23.118Z,XBTUSD,Sell,100,29265.5,MinusTick,2bd050ae-64e4-e98a-6cf0-e56b7ae8495f,341699,0.00341699,100.0,Regular
2023-07-25T16:21:35.672Z,XBTUSD,Sell,100,29265.0,MinusTick,70c108dc-312a-de48-71ca-2d3fe6349062,341705,0.00341705,100.0,Regular
2023-07-25T16:21:35.672Z,XBTUSD,Sell,100,29265.0,ZeroMinusTick,7aa3b390-a780-0441-160b-443c369e911c,341705,0.00341705,100.0,Regular
2023-07-25T16:21:35.672Z,XBTUSD,Sell,300,29265.0,ZeroMinusTick,eb377869-e4e6-55d2-9b8e-5b50da31f99b,1025115,0.01025115,300.0,Regular
2023-07-25T16:21:35.696Z,XBTUSD,Sell,19600,29264.0,MinusTick,4a28f88c-24d9-69d9-50be-968ba3942a1b,66976532,0.66976532,19600.0,Regular
2023-07-25T16:21:35.696Z,XBTUSD,Sell,500,29264.0,ZeroMinusTick,3539f812-6387-0b57-a670-36ee0fbd3f45,1708585,0.01708585,500.0,Regular
2023-07-25T16:21:35.730Z,XBTUSD,Sell,27600,29264.0,ZeroMinusTick,4b32e31e-0a74-c6d7-f00c-a2f1dfca29b5,94313892,0.94313892,27600.0,Regular
2023-07-25T16:21:35.831Z,XBTUSD,Sell,28000,29264.0,ZeroMinusTick,38fb28e6-d8e7-5b16-7fc8-28dd5da10442,95680760,0.9568076,28000.0,Regular
2023-07-25T16:21:35.831Z,XBTUSD,Sell,27600,29264.0,ZeroMinusTick,211265d0-a2dc-aa6e-9a43-4879b978f57c,94313892,0.94313892,27600.0,Regular
2023-07-25T16:21:35.846Z,XBTUSD,Sell,100,29264.0,ZeroMinusTick,e137fd81-6839-d8b9-d96f-eb02945939cb,341717,0.00341717,100.0,Regular
2023-07-25T16:21:35.846Z,XBTUSD,Sell,17400,29263.5,MinusTick,f894066c-1a76-1921-0a2d-31e090efc496,59459802,0.59459802,17400.0,Regular
2023-07-25T16:21:35.846Z,XBTUSD,Sell,14500,29263.5,ZeroMinusTick,5e49db94-2ce3-df92-e619-6f01453a6159,49549835,0.49549835,14500.0,Regular
2023-07-25T16:21:36.667Z,XBTUSD,Sell,100,29263.5,ZeroMinusTick,3d532468-f0be-b939-dc61-a0f731f12fb1,341723,0.00341723,100.0,Regular
2023-07-25T16:21:36.667Z,XBTUSD,Sell,200,29262.0,MinusTick,30e0f6a7-3e71-d9a7-f394-c0460a1d6f63,683480,0.0068348,200.0,Regular
2023-07-25T16:21:36.677Z,XBTUSD,Sell,23400,29261.5,MinusTick,98ed1ea7-c315-389b-3260-3d889ac19488,79968564,0.79968564,23400.0,Regular
2023-07-25T16:21:47.807Z,XBTUSD,Sell,100,29260.5,MinusTick,3190e816-9d9f-ec1e-aaf6-b87bf6bce94f,341758,0.00341758,100.0,Regular
2023-07-25T16:21:47.807Z,XBTUSD,Sell,100,29260.5,ZeroMinusTick,9f945b1c-961f-67fe-b20b-3d584d5c8710,341758,0.00341758,100.0,Regular
2023-07-25T16:21:47.807Z,XBTUSD,Sell,22800,29260.5,ZeroMinusTick,46e926e9-3923-e809-e2d7-ad134c4c8c67,77920824,0.77920824,22800.0,Regular
2023-07-25T16:21:49.161Z,XBTUSD,Buy,1300,29259.5,MinusTick,d14dc568-70ba-7add-5ff8-23b2e4ca4a3d,4442997,0.04442997,1300.0,Regular
2023-07-25T16:22:00.281Z,XBTUSD,Sell,11300,29259.0,MinusTick,e3f03466-625c-a5b3-c9ec-54b82f0eca3f,38620575,0.38620575,11300.0,Regular
2023-07-25T16:22:00.281Z,XBTUSD,Sell,5000,29259.0,ZeroMinusTick,b989d531-b5a3-5964-63cc-9d54e61d003d,17088750,0.1708875,5000.0,Regular
2023-07-25T16:22:00.281Z,XBTUSD,Sell,800,29259.0,ZeroMinusTick,0374bb34-261b-1cf3-bdff-3a9484a0edf4,2734200,0.027342,800.0,Regular
2023-07-25T16:22:00.284Z,XBTUSD,Sell,24200,29259.0,ZeroMinusTick,35b007ff-f2c2-1ea9-0548-2acd1b15a025,82709550,0.8270955,24200.0,Regular
2023-07-25T16:22:00.289Z,XBTUSD,Sell,6100,29259.0,ZeroMinusTick,d668d189-7a6e-a36f-ebfe-99c7c709ba2c,20848275,0.20848275,6100.0,Regular
2023-07-25T16:22:00.289Z,XBTUSD,Sell,23400,29259.0,ZeroMinusTick,34bee268-efaa-ed3d-edf8-5ff102c7e592,79975350,0.7997535,23400.0,Regular
2023-07-25T16:22:00.289Z,XBTUSD,Sell,100,29259.0,ZeroMinusTick,fe001598-09fa-7a83-1599-d4e23cd91e93,341775,0.00341775,100.0,Regular
2023-07-25T16:22:00.289Z,XBTUSD,Sell,15800,29259.0,ZeroMinusTick,cb7442b7-1a3d-0f9d-3454-87420899f891,54000450,0.5400045,15800.0,Regular
2023-07-25T16:22:00.336Z,XBTUSD,Sell,14600,29258.5,MinusTick,1bed38f6-d8af-2201-9f44-d721fc1bd3d1,49900026,0.49900026,14600.0,Regular
2023-07-25T16:22:14.498Z,XBTUSD,Buy,100,29256.0,MinusTick,26ce9e66-e7fc-2636-ce6a-79cfd6f92c47,341810,0.0034181,100.0,Regular
2023-07-25T16:22:14.568Z,XBTUSD,Buy,100,29256.0,ZeroMinusTick,ba151b40-64cc-8bfc-373d-2ce9536381f1,341810,0.0034181,100.0,Regular
2023-07-25T16:22:23.210Z,XBTUSD,Buy,2000,29256.0,ZeroMinusTick,0ba7b93f-d66e-4645-c154-a8edc160fb20,6836200,0.068362,2000.0,Regular
2023-07-25T16:22:35.730Z,XBTUSD,Sell,100,29255.5,MinusTick,f9bba62e-e5e2-5100-30b9-8acb513dc71b,341816,0.00341816,100.0,Regular
2023-07-25T16:22:35.730Z,XBTUSD,Sell,100,29255.5,ZeroMinusTick,2d8270c7-e70c-9bdc-f155-131cdbc43db0,341816,0.00341816,100.0,Regular
2023-07-25T16:22:38.557Z,XBTUSD,Sell,17000,29255.5,ZeroMinusTick,e4a9614e-8f7c-0607-5935-ad6d0624eb4f,58108720,0.5810872,17000.0,Regular
2023-07-25T16:22:38.557Z,XBTUSD,Sell,400,29255.5,ZeroMinusTick,87f44135-145e-be94-6921-f8ffa7409fd0,1367264,0.01367264,400.0,Regular
2023-07-25T16:22:38.557Z,XBTUSD,Sell,3000,29255.5,ZeroMinusTick,5de79b91-d1cc-425e-db66-351bb13ee92d,10254480,0.1025448,3000.0,Regular
2023-07-25T16:22:38.849Z,XBTUSD,Sell,4200,29255.0,MinusTick,205adb3d-9cf4-76a2-8031-4a252fbbff46,14356524,0.14356524,4200.0,Regular
2023-07-25T16:22:39.352Z,XBTUSD,Sell,10400,29255.0,ZeroMinusTick,bcbbe196-3024-5b85-90a2-6f37f036c177,35549488,0.35549488,10400.0,Regular
2023-07-25T16:22:39.664Z,XBTUSD,Sell,100,29254.0,MinusTick,7761b08b-951c-3695-55c7-f2e169906d20,341834,0.00341834,100.0,Regular
2023-07-25T16:22:39.664Z,XBTUSD,Sell,10000,29254.0,ZeroMinusTick,8f0d2a1c-5a7e-853f-d91b-70ed842cc486,34183400,0.341834,10000.0,Regular
2023-07-25T16:22:42.263Z,XBTUSD,Sell,100,29251.0,MinusTick,ae1729c2-ba00-bdc4-a11c-0b6f83f87e2a,341869,0.00341869,100.0,Regular
2023-07-25T16:22:42.263Z,XBTUSD,Sell,800,29251.0,ZeroMinusTick,cc82528c-01ec-9ac5-3c2a-51fb92dbb013,2734952,0.02734952,800.0,Regular
2023-07-25T16:22:42.263Z,XBTUSD,Sell,2200,29250.5,MinusTick,3995f5a0-1e74-98df-5ca6-2390a4447c4c,7521228,0.07521228,2200.0,Regular
2023-07-25T16:22:42.263Z,XBTUSD,Sell,900,29248.0,MinusTick,f1782b70-2ac4-c85c-57ea-4ecd103b5449,3077136,0.03077136,900.0,Regular
2023-07-25T16:22:42.411Z,XBTUSD,Sell,5000,29248.0,ZeroMinusTick,bf40baaa-047d-00d5-083b-4ebdd6c425fd,17095200,0.170952,5000.0,Regular
2023-07-25T16:22:46.026Z,XBTUSD,Sell,100,29248.0,ZeroMinusTick,44542ab8-8eee-0739-8477-c2bbc5b2bd42,341904,0.00341904,100.0,Regular
2023-07-25T16:22:46.026Z,XBTUSD,Sell,400,29248.0,ZeroMinusTick,63dc6f19-0922-2d04-5855-ce14d9c4d96a,1367616,0.01367616,400.0,Regular
2023-07-25T16:22:53.777Z,XBTUSD,Sell,4200,29242.5,MinusTick,b02feb46-1f1a-d2a1-c9b0-23a7fc3ba398,14362656,0.14362656,4200.0,Regular
2023-07-25T16:22:53.777Z,XBTUSD,Sell,100,29242.0,MinusTick,4ed723a9-d9ac-7565-f294-66cc19e7116f,341974,0.00341974,100.0,Regular
2023-07-25T16:22:53.777Z,XBTUSD,Sell,2200,29242.0,ZeroMinusTick,b8364691-f9a8-5d34-d7f2-181c98db6223,7523428,0.07523428,2200.0,Regular
2023-07-25T16:22:53.777Z,XBTUSD,Sell,100,29240.0,MinusTick,32720bb3-f097-78b3-5d3a-3781cbd4cc54,341997,0.00341997,100.0,Regular
2023-07-25T16:22:53.777Z,XBTUSD,Sell,7100,29240.0,ZeroMinusTick,771190d0-a239-e5ba-6c53-93ed94a9b88a,24281787,0.24281787,7100.0,Regular
2023-07-25T16:22:53.777Z,XBTUSD,Sell,23300,29240.0,ZeroMinusTick,298d7ceb-6381-1ca4-b5a7-5294190a3552,79685301,0.79685301,23300.0,Regular
2023-07-25T16:22:53.777Z,XBTUSD,Sell,8300,29239.5,MinusTick,e02b68db-c6f8-07ac-eced-a3fa1326e5dd,28386249,0.28386249,8300.0,Regular
2023-07-25T16:22:53.777Z,XBTUSD,Sell,2200,29239.5,ZeroMinusTick,49594f60-45e7-936d-153c-9fd715c4061e,7524066,0.07524066,2200.0,Regular
2023-07-25T16:22:53.777Z,XBTUSD,Sell,32500,29239.5,ZeroMinusTick,1015182a-db2a-c8d4-394c-c6dd95733dce,111150975,1.11150975,32500.0,Regular
2023-07-25T16:22:54.094Z,XBTUSD,Sell,100,29239.5,ZeroMinusTick,ad0d5970-e6ba-c779-a14f-ff21a51b49a6,342003,0.00342003,100.0,Regular
2023-07-25T16:22:54.094Z,XBTUSD,Sell,5000,29239.5,ZeroMinusTick,6fd71e57-47b4-1bf9-5bfb-378df39f1468,17100150,0.1710015,5000.0,Regular
2023-07-25T16:22:54.094Z,XBTUSD,Sell,69600,29239.5,ZeroMinusTick,f9b2dd3f-be2f-5bbc-8810-59959d67c1bb,238034088,2.38034088,69600.0,Regular
2023-07-25T16:22:54.094Z,XBTUSD,Sell,5300,29239.5,ZeroMinusTick,9a5368e6-9558-916a-8683-72c734d6df29,18126159,0.18126159,5300.0,Regular
2023-07-25T16:22:58.092Z,XBTUSD,Sell,1000,29239.5,ZeroMinusTick,6250cd80-780a-3729-942b-37202019cf3d,3420030,0.0342003,1000.0,Regular
2023-07-25T16:22:58.092Z,XBTUSD,Sell,3000,29239.5,ZeroMinusTick,f8a513dc-66b4-a816-7571-0d471ca41d81,10260090,0.1026009,3000.0,Regular
2023-07-25T16:22:58.092Z,XBTUSD,Sell,3000,29239.5,ZeroMinusTick,e90ff96c-e3db-f60a-4ecd-5f1cc4b82619,10260090,0.1026009,3000.0,Regular
2023-07-25T16:22:58.092Z,XBTUSD,Sell,1000,29239.5,ZeroMinusTick,a38d97c0-af07-1efc-9767-f1b44cab1155,3420030,0.0342003,1000.0,Regular
2023-07-25T16:22:58.092Z,XBTUSD,Sell,3000,29239.5,ZeroMinusTick,336c0bda-fcf0-7fce-7754-169d60318242,10260090,0.1026009,3000.0,Regular
2023-07-25T16:22:58.092Z,XBTUSD,Sell,39500,29239.5,ZeroMinusTick,33c5efbf-7f9f-8b4e-d9c7-48d39ef5d654,135091185,1.35091185,39500.0,Regular
2023-07-25T16:22:58.092Z,XBTUSD,Sell,29500,29239.5,ZeroMinusTick,432cf5a2-666a-58d6-0830-04c6b94f8df0,100890885,1.00890885,29500.0,Regular
2023-07-25T16:23:00.932Z,XBTUSD,Sell,10000,29239.5,ZeroMinusTick,c682679b-e608-76f9-cbcf-0f09e173e0b3,34200300,0.342003,10000.0,Regular
2023-07-25T16:23:00.932Z,XBTUSD,Sell,55900,29239.5,ZeroMinusTick,62f5fccb-739a-d3cf-55f9-9c60fb5238d5,191179677,1.91179677,55900.0,Regular
2023-07-25T16:23:00.932Z,XBTUSD,Sell,14100,29239.5,ZeroMinusTick,ebd4772a-3ae2-16d3-9ac8-fa0b420a9d00,48222423,0.48222423,14100.0,Regular
2023-07-25T16:23:02.877Z,XBTUSD,Buy,4500,29240.0,PlusTick,36b456c3-8433-1b8c-bf62-4315d62384b7,15389865,0.15389865,4500.0,Regular
2023-07-25T16:23:02.877Z,XBTUSD,Buy,100,29240.0,ZeroPlusTick,ffd12291-8763-770e-dd3d-ae3066de87df,341997,0.00341997,100.0,Regular
2023-07-25T16:23:02.877Z,XBTUSD,Buy,700,29240.0,ZeroPlusTick,dd74d4b9-2530-0bf6-a949-5683094811c9,2393979,0.02393979,700.0,Regular
2023-07-25T16:23:02.877Z,XBTUSD,Buy,100,29240.0,ZeroPlusTick,0b0d0f52-3929-9389-657b-954be238b81d,341997,0.00341997,100.0,Regular
2023-07-25T16:23:02.877Z,XBTUSD,Buy,4300,29240.0,ZeroPlusTick,84b41bdb-df90-d61e-4471-5f810a255c91,14705871,0.14705871,4300.0,Regular
2023-07-25T16:23:02.877Z,XBTUSD,Buy,400,29240.0,ZeroPlusTick,3c6eb6a7-ece4-a57b-0630-48e5c0e447d0,1367988,0.01367988,400.0,Regular
2023-07-25T16:23:02.877Z,XBTUSD,Buy,50100,29240.0,ZeroPlusTick,300975de-d43d-7a83-c64c-870adb328a8b,171340497,1.71340497,50100.0,Regular
2023-07-25T16:23:02.877Z,XBTUSD,Buy,2000,29240.0,ZeroPlusTick,86db8ae1-d74b-5070-7bb9-0a9044ad75f3,6839940,0.0683994,2000.0,Regular
2023-07-25T16:23:02.877Z,XBTUSD,Buy,1400,29240.0,ZeroPlusTick,31f03dfc-e6a4-5a4e-d8ad-3451ca9087ba,4787958,0.04787958,1400.0,Regular
2023-07-25T16:23:06.858Z,XBTUSD,Sell,100,29242.5,PlusTick,0b0999a3-9ddf-886e-8bd1-1132daba5357,341968,0.00341968,100.0,Regular
2023-07-25T16:23:06.858Z,XBTUSD,Sell,55900,29242.5,ZeroPlusTick,ad39499d-6287-33c4-772a-a4815ff4f1da,191160112,1.91160112,55900.0,Regular
2023-07-25T16:23:12.283Z,XBTUSD,Sell,1500,29242.0,MinusTick,32528a88-0960-bf2a-638f-5d4550fb42db,5129610,0.0512961,1500.0,Regular
2023-07-25T16:23:12.293Z,XBTUSD,Sell,11300,29242.0,ZeroMinusTick,185fbec7-ea86-e71b-3e3f-6cd26edc091e,38643062,0.38643062,11300.0,Regular
2023-07-25T16:23:12.304Z,XBTUSD,Sell,4900,29242.0,ZeroMinusTick,cc4d1d1c-313d-850b-ae9a-69992efb9002,16756726,0.16756726,4900.0,Regular
2023-07-25T16:23:12.304Z,XBTUSD,Sell,200,29242.0,ZeroMinusTick,db3c9a63-6d2b-9c7b-c770-2bab1db45daa,683948,0.00683948,200.0,Regular
2023-07-25T16:23:12.998Z,XBTUSD,Sell,55900,29240.5,MinusTick,a43dcccf-8120-857f-3e7f-c5924dc0bc4a,191172969,1.91172969,55900.0,Regular
2023-07-25T16:23:12.998Z,XBTUSD,Sell,24100,29240.5,ZeroMinusTick,0249e7b9-7191-e759-5d6d-9d3802c31cbb,82419831,0.82419831,24100.0,Regular
2023-07-25T16:23:20.487Z,XBTUSD,Sell,3000,29240.5,ZeroMinusTick,080d1020-0745-a9b2-c47f-676935980790,10259730,0.1025973,3000.0,Regular
2023-07-25T16:23:20.487Z,XBTUSD,Sell,3000,29240.5,ZeroMinusTick,a731543e-fe57-b321-0301-94a51b3bb63c,10259730,0.1025973,3000.0,Regular
2023-07-25T16:23:20.487Z,XBTUSD,Sell,2000,29240.5,ZeroMinusTick,b7da0da4-6b73-94bb-828f-3e8c53843ecf,6839820,0.0683982,2000.0,Regular
2023-07-25T16:23:20.501Z,XBTUSD,Sell,1000,29240.5,ZeroMinusTick,b15bdfeb-d233-cc2e-cfb6-ba76ebc8b06c,3419910,0.0341991,1000.0,Regular
2023-07-25T16:23:21.608Z,XBTUSD,Sell,1000,29239.0,MinusTick,d4a595e7-e4f7-e238-cbfc-55f785c5f361,3420090,0.0342009,1000.0,Regular
2023-07-25T16:23:21.608Z,XBTUSD,Sell,3000,29239.0,ZeroMinusTick,fe5c3068-a0b9-f1f2-8adb-9e6f1b8ad930,10260270,0.1026027,3000.0,Regular
2023-07-25T16:23:21.608Z,XBTUSD,Sell,3000,29239.0,ZeroMinusTick,bcc6f857-aea8-46b0-f580-55dee4784c64,10260270,0.1026027,3000.0,Regular
2023-07-25T16:23:21.923Z,XBTUSD,Sell,3000,29238.0,MinusTick,b9587eea-617f-7587-ae6c-44e35cad4dc3,10260630,0.1026063,3000.0,Regular
2023-07-25T16:23:21.923Z,XBTUSD,Sell,1000,29238.0,ZeroMinusTick,9972c8ea-6dd5-333a-899f-5c136e8b91d1,3420210,0.0342021,1000.0,Regular
2023-07-25T16:23:21.932Z,XBTUSD,Sell,3000,29237.5,MinusTick,f452b593-d2cd-b6e1-68d4-f84607090b1b,10260810,0.1026081,3000.0,Regular
2023-07-25T16:23:37.354Z,XBTUSD,Buy,2500,29237.0,MinusTick,03fcda47-1a93-9530-5759-a5e597dd141c,8550800,0.085508,2500.0,Regular
2023-07-25T16:24:08.983Z,XBTUSD,Sell,100,29236.5,MinusTick,fa64f9e2-0f1c-f44b-6cfa-1de774d1bd45,342038,0.00342038,100.0,Regular
2023-07-25T16:24:08.983Z,XBTUSD,Sell,100,29236.5,ZeroMinusTick,0771e46c-b775-db10-3bf2-4057c4f4c2d2,342038,0.00342038,100.0,Regular
2023-07-25T16:24:42.671Z,XBTUSD,Sell,100,29235.0,MinusTick,b64e207d-6e6a-a7d2-fe6b-149d9b500824,342056,0.00342056,100.0,Regular
2023-07-25T16:24:42.671Z,XBTUSD,Sell,12300,29235.0,ZeroMinusTick,19b0e49f-f3f3-d7e8-4dde-60ca10c9b884,42072888,0.42072888,12300.0,Regular
2023-07-25T16:24:42.671Z,XBTUSD,Sell,4700,29235.0,ZeroMinusTick,0e72a161-99af-e7e5-23d5-d1722a5d6929,16076632,0.16076632,4700.0,Regular
2023-07-25T16:24:42.671Z,XBTUSD,Sell,19800,29235.0,ZeroMinusTick,aad3d64c-b6ba-22fb-0257-494ce8ef9be7,67727088,0.67727088,19800.0,Regular
2023-07-25T16:24:42.671Z,XBTUSD,Sell,1700,29235.0,ZeroMinusTick,65809b59-74ff-3973-83af-ed8419f13416,5814952,0.05814952,1700.0,Regular
2023-07-25T16:24:42.671Z,XBTUSD,Sell,1100,29235.0,ZeroMinusTick,045e50a6-78bb-5643-527f-175c1d696bdb,3762616,0.03762616,1100.0,Regular
2023-07-25T16:24:42.671Z,XBTUSD,Sell,300,29235.0,ZeroMinusTick,08ead562-5e6f-23d5-a7c1-1b53c64c4ebe,1026168,0.01026168,300.0,Regular
2023-07-25T16:24:42.671Z,XBTUSD,Sell,3000,29235.0,ZeroMinusTick,1057df1c-16aa-d1b2-c942-02f88703b03d,10261680,0.1026168,3000.0,Regular
2023-07-25T16:24:42.671Z,XBTUSD,Sell,3000,29235.0,ZeroMinusTick,881617d9-783b-3b1d-b06b-a9a755d7cee4,10261680,0.1026168,3000.0,Regular
2023-07-25T16:24:42.671Z,XBTUSD,Sell,10000,29234.0,MinusTick,23a61117-14b8-0b87-e12b-86a0df6e2383,34206700,0.342067,10000.0,Regular
2023-07-25T16:24:42.671Z,XBTUSD,Sell,24000,29233.0,MinusTick,bdabe8d3-8377-21b4-1b5a-12e943abfe1d,82098960,0.8209896,24000.0,Regular
2023-07-25T16:24:49.578Z,XBTUSD,Buy,1400,29233.5,PlusTick,aff14197-3872-c020-e143-13c4afdb442e,4789022,0.04789022,1400.0,Regular
2023-07-25T16:24:49.593Z,XBTUSD,Buy,700,29233.5,ZeroPlusTick,823c689e-7f97-9e82-4e22-29ccfc357f16,2394511,0.02394511,700.0,Regular
2023-07-25T16:24:50.274Z,XBTUSD,Buy,200,29233.5,ZeroPlusTick,584fd735-961f-fe0e-abf8-8d241c804a56,684146,0.00684146,200.0,Regular
2023-07-25T16:24:50.274Z,XBTUSD,Buy,100,29233.5,ZeroPlusTick,0cf5f818-effe-65ee-fd47-82a515f3cc88,342073,0.00342073,100.0,Regular
2023-07-25T16:24:50.274Z,XBTUSD,Buy,10200,29233.5,ZeroPlusTick,55c80939-531b-dcc1-f672-6863613803b3,34891446,0.34891446,10200.0,Regular
2023-07-25T16:24:50.325Z,XBTUSD,Buy,2700,29233.5,ZeroPlusTick,4060640a-32b7-1dd6-0f06-c1270131f156,9235971,0.09235971,2700.0,Regular
2023-07-25T16:25:25.105Z,XBTUSD,Sell,200,29235.0,PlusTick,362944f0-71a9-c84e-a1e4-9157d9a6eaa6,684112,0.00684112,200.0,Regular
