timestamp,symbol,side,size,price,tickDirection,trdMatchID,grossValue,homeNotional,foreignNotional,trdType
2023-07-24T16:00:00.683Z,XBTUSD,Sell,7900,29081.0,MinusTick,94538c34-5ace-1bb7-142f-b767ed6659e1,27165493,0.27165493,7900.0,Regular
2023-07-24T16:00:04.123Z,XBTUSD,Sell,1200,29084.0,PlusTick,a58abb37-df7e-5612-c4c5-b6041888fe58,4125984,0.04125984,1200.0,Regular
2023-07-24T16:00:04.132Z,XBTUSD,Sell,300,29081.0,MinusTick,06637796-6ccc-01f6-f284-49cbc5efb6fb,1031601,0.01031601,300.0,Regular
2023-07-24T16:00:04.132Z,XBTUSD,Sell,5000,29081.0,ZeroMinusTick,13f05210-ca79-a05f-108d-d54173964e06,17193350,0.1719335,5000.0,Regular
2023-07-24T16:00:04.147Z,XBTUSD,Sell,6700,29080.5,MinusTick,dbf16b17-0388-7b36-5d95-a9956b400c91,23039491,0.23039491,6700.0,Regular
2023-07-24T16:00:04.147Z,XBTUSD,Sell,10000,29080.5,ZeroMinusTick,768c5892-913a-ead7-e419-8781567f2b8a,34387300,0.343873,10000.0,Regular
2023-07-24T16:00:04.147Z,XBTUSD,Sell,39000,29080.5,ZeroMinusTick,fc55b424-b9e9-c59b-6db7-81c84160c724,134110470,1.3411047,39000.0,Regular
2023-07-24T16:00:04.147Z,XBTUSD,Sell,100,29080.5,ZeroMinusTick,b10cba76-c077-0967-7cef-aa95a3dfd93c,343873,0.00343873,100.0,Regular
2023-07-24T16:00:04.147Z,XBTUSD,Sell,40900,29080.5,ZeroMinusTick,b6b66e59-4c1a-71b0-ef31-cb20e9fbcb06,140644057,1.40644057,40900.0,Regular
2023-07-24T16:00:04.151Z,XBTUSD,Sell,1200,29081.5,PlusTick,7919fe2f-2d44-45ea-0fa3-5f0169211e84,4126332,0.04126332,1200.0,Regular
2023-07-24T16:00:04.221Z,XBTUSD,Sell,1200,29079.0,MinusTick,a73c7929-d2ca-769b-48de-cb3a345ef5a4,4126692,0.04126692,1200.0,Regular
2023-07-24T16:00:04.221Z,XBTUSD,Sell,3200,29078.0,MinusTick,4de5a799-efcf-8c52-aa93-19f23cdad18a,11004896,0.11004896,3200.0,Regular
2023-07-24T16:00:04.419Z,XBTUSD,Sell,300,29077.0,MinusTick,1eac5ab3-c03c-2cb2-46ab-38398fba7a5c,1031742,0.01031742,300.0,Regular
2023-07-24T16:00:04.419Z,XBTUSD,Sell,300,29076.5,MinusTick,ba9551ae-5dd9-6343-2f84-f0b5636473c5,1031760,0.0103176,300.0,Regular
2023-07-24T16:00:04.419Z,XBTUSD,Sell,4800,29076.5,ZeroMinusTick,3e95cc12-f2b2-0ee5-9d40-58dd36504dca,16508160,0.1650816,4800.0,Regular
2023-07-24T16:00:04.419Z,XBTUSD,Sell,300,29076.0,MinusTick,9fe671c6-b7a1-7766-87d2-c0669ae08d5e,1031778,0.01031778,300.0,Regular
2023-07-24T16:00:04.419Z,XBTUSD,Sell,300,29075.5,MinusTick,f285cb51-5045-99f1-caad-e455299ecd02,1031796,0.01031796,300.0,Regular
2023-07-24T16:00:04.419Z,XBTUSD,Sell,100,29075.0,MinusTick,8bd289a6-e0f8-c55f-d33f-be754be8f460,343938,0.00343938,100.0,Regular
2023-07-24T16:00:04.419Z,XBTUSD,Sell,300,29075.0,ZeroMinusTick,f72a7f46-fd36-c890-dd68-cc092a425816,1031814,0.01031814,300.0,Regular
2023-07-24T16:00:04.419Z,XBTUSD,Sell,300,29074.5,MinusTick,ed459faf-3cba-d184-f4ad-ca6c6647c689,1031832,0.01031832,300.0,Regular
2023-07-24T16:00:04.419Z,XBTUSD,Sell,300,29074.0,MinusTick,a763941f-cce1-6c81-1e73-1ce7646b7dd3,1031850,0.0103185,300.0,Regular
2023-07-24T16:00:04.419Z,XBTUSD,Sell,6700,29074.0,ZeroMinusTick,de06a390-dff6-287a-9221-ffeb6ead7f80,23044650,0.2304465,6700.0,Regular
2023-07-24T16:00:04.419Z,XBTUSD,Sell,8000,29074.0,ZeroMinusTick,984f37a9-229f-0ba0-7c1c-f73375fa979a,27516000,0.27516,8000.0,Regular
2023-07-24T16:00:04.419Z,XBTUSD,Sell,100,29073.5,MinusTick,624a3f75-6a4f-0bde-8ee1-a6842f665745,343956,0.00343956,100.0,Regular
2023-07-24T16:00:04.419Z,XBTUSD,Sell,10100,29073.5,ZeroMinusTick,a30683ab-01c1-d82f-2298-5880a20b153f,34739556,0.34739556,10100.0,Regular
2023-07-24T16:00:04.432Z,XBTUSD,Sell,28900,29073.5,ZeroMinusTick,5f67294c-7984-b88e-3498-6e34a2eca0b1,99403284,0.99403284,28900.0,Regular
2023-07-24T16:00:04.432Z,XBTUSD,Sell,300,29073.5,ZeroMinusTick,6d6833f8-0eb1-1de1-0e45-e7300199bc7d,1031868,0.01031868,300.0,Regular
2023-07-24T16:00:04.432Z,XBTUSD,Sell,100,29072.5,MinusTick,4729b26d-367a-ef64-3600-e81371f618e3,343968,0.00343968,100.0,Regular
2023-07-24T16:00:04.432Z,XBTUSD,Sell,1200,29072.5,ZeroMinusTick,5ee912b0-0fe5-7cd7-c8ee-2e85698d6cf9,4127616,0.04127616,1200.0,Regular
2023-07-24T16:00:04.432Z,XBTUSD,Sell,300,29072.5,ZeroMinusTick,65286c58-6764-ff90-4895-781a137203ad,1031904,0.01031904,300.0,Regular
2023-07-24T16:00:04.432Z,XBTUSD,Sell,4900,29072.5,ZeroMinusTick,f00029b5-550a-69bf-d278-42f876300b5f,16854432,0.16854432,4900.0,Regular
2023-07-24T16:00:04.447Z,XBTUSD,Sell,100,29072.0,MinusTick,8fe31110-a777-e179-b04c-5996dd3741ff,343974,0.00343974,100.0,Regular
2023-07-24T16:00:04.465Z,XBTUSD,Sell,100,29071.5,MinusTick,5b351bc4-a2bf-29d0-473d-70dfd2c45c1a,343979,0.00343979,100.0,Regular
2023-07-24T16:00:04.490Z,XBTUSD,Sell,2000,29070.0,MinusTick,eea05e8b-326a-2d96-d307-13371b41829b,6879940,0.0687994,2000.0,Regular
2023-07-24T16:00:04.490Z,XBTUSD,Sell,6700,29070.0,ZeroMinusTick,96bc6307-c104-540f-1c76-9f8d0e92dc8e,23047799,0.23047799,6700.0,Regular
2023-07-24T16:00:04.490Z,XBTUSD,Sell,1400,29069.5,MinusTick,d0981fa8-1dc9-4db5-08f1-6b0bbcb92945,4816042,0.04816042,1400.0,Regular
2023-07-24T16:00:04.501Z,XBTUSD,Sell,100,29069.5,ZeroMinusTick,5cb018f5-c74b-8c8f-a048-ae2ad08658b2,344003,0.00344003,100.0,Regular
2023-07-24T16:00:04.523Z,XBTUSD,Sell,1200,29071.5,PlusTick,ac19107b-f752-8ac6-3d7e-0554d9370cb6,4127748,0.04127748,1200.0,Regular
2023-07-24T16:00:04.590Z,XBTUSD,Sell,4000,29069.0,MinusTick,6951d1b4-c836-d228-dce4-2244cbbbf928,13760360,0.1376036,4000.0,Regular
2023-07-24T16:00:04.590Z,XBTUSD,Sell,1200,29069.0,ZeroMinusTick,4b709004-04cd-2df6-1748-074b7f09bd40,4128108,0.04128108,1200.0,Regular
2023-07-24T16:00:04.670Z,XBTUSD,Sell,100,29069.0,ZeroMinusTick,d16ff6be-7750-22bf-e6cd-aaf0f9518bc1,344009,0.00344009,100.0,Regular
2023-07-24T16:00:04.679Z,XBTUSD,Sell,400,29069.0,ZeroMinusTick,305519d3-ebff-e6c5-d552-6a02da661d0d,1376036,0.01376036,400.0,Regular
2023-07-24T16:00:04.706Z,XBTUSD,Sell,40900,29069.0,ZeroMinusTick,fc585c3c-18ca-02b6-f0cf-dee881d2b9c9,140699681,1.40699681,40900.0,Regular
2023-07-24T16:00:04.722Z,XBTUSD,Sell,100,29068.5,MinusTick,a3f85a8b-ea5c-9aff-6a49-c5c4a506fc14,344015,0.00344015,100.0,Regular
2023-07-24T16:00:04.758Z,XBTUSD,Sell,400,29068.5,ZeroMinusTick,b05b804b-85fa-381f-bec0-8f782e7443f4,1376060,0.0137606,400.0,Regular
2023-07-24T16:00:04.856Z,XBTUSD,Sell,1600,29068.5,ZeroMinusTick,f078d5d8-727f-ff1a-d720-e8fc3130624a,5504240,0.0550424,1600.0,Regular
2023-07-24T16:00:04.974Z,XBTUSD,Buy,1600,29069.0,PlusTick,12697b2c-38fa-5bb8-5b9e-6ae629a37889,5504144,0.05504144,1600.0,Regular
2023-07-24T16:00:05.193Z,XBTUSD,Sell,24000,29076.5,PlusTick,733c4981-0768-694a-ca7c-ffddb25790a7,82540800,0.825408,24000.0,Regular
2023-07-24T16:00:05.193Z,XBTUSD,Sell,39000,29076.5,ZeroPlusTick,e6354a37-f6d3-e0ab-ad8f-109e476e8435,134128800,1.341288,39000.0,Regular
2023-07-24T16:00:05.193Z,XBTUSD,Sell,11900,29075.5,MinusTick,a6074e8c-2ae6-2e8a-396b-03dc07572d3b,40927908,0.40927908,11900.0,Regular
2023-07-24T16:00:05.212Z,XBTUSD,Sell,6000,29074.0,MinusTick,d7ef9f9a-a0bd-4f04-df43-a08bc5630e47,20637000,0.20637,6000.0,Regular
2023-07-24T16:00:05.217Z,XBTUSD,Sell,70000,29073.0,MinusTick,5da06688-428c-f1ba-ab0c-ca89f6dd4e8d,240773400,2.407734,70000.0,Regular
2023-07-24T16:00:05.985Z,XBTUSD,Buy,39000,29073.0,ZeroMinusTick,9b07304e-50fe-8984-165b-4c98b9c0ef81,134145180,1.3414518,39000.0,Regular
2023-07-24T16:00:07.620Z,XBTUSD,Sell,4600,29070.5,MinusTick,c4162145-25f3-a961-d01f-5045c813e7a4,15823586,0.15823586,4600.0,Regular
2023-07-24T16:00:07.765Z,XBTUSD,Sell,100,29070.5,ZeroMinusTick,af6faa7e-60f2-fada-ac1c-fdb752404b42,343991,0.00343991,100.0,Regular
2023-07-24T16:00:07.765Z,XBTUSD,Sell,4500,29070.5,ZeroMinusTick,808d8dc8-aa49-3ab7-fda7-eb374bc1bf86,15479595,0.15479595,4500.0,Regular
2023-07-24T16:00:09.329Z,XBTUSD,Sell,100,29070.5,ZeroMinusTick,a0f5e418-a2b3-55be-16b2-e7ee36dc1c58,343991,0.00343991,100.0,Regular
2023-07-24T16:00:09.400Z,XBTUSD,Sell,100,29069.0,MinusTick,98dcd289-65b3-f8bc-26ea-764f25c1ff61,344009,0.00344009,100.0,Regular
2023-07-24T16:00:10.233Z,XBTUSD,Sell,7900,29068.5,MinusTick,3db5b8de-9196-f5ec-17e5-1f7e8a0a62b0,27177185,0.27177185,7900.0,Regular
2023-07-24T16:00:11.548Z,XBTUSD,Sell,5000,29067.0,MinusTick,45b6612d-5fd8-e9b8-bfc9-2a011d818982,17201650,0.1720165,5000.0,Regular
2023-07-24T16:00:16.812Z,XBTUSD,Buy,200,29064.0,MinusTick,12c22156-479c-381c-7d75-8e43fc0f29a5,688136,0.00688136,200.0,Regular
2023-07-24T16:00:16.812Z,XBTUSD,Buy,100,29064.0,ZeroMinusTick,0507ecf3-f493-f628-2df6-7fb6b2643261,344068,0.00344068,100.0,Regular
2023-07-24T16:00:16.812Z,XBTUSD,Buy,15300,29064.0,ZeroMinusTick,3d677464-b80c-68aa-db65-529deeb9c206,52642404,0.52642404,15300.0,Regular
2023-07-24T16:00:16.812Z,XBTUSD,Buy,7700,29064.0,ZeroMinusTick,594a513e-e1c4-0923-bb20-d89183925b65,26493236,0.26493236,7700.0,Regular
2023-07-24T16:00:25.419Z,XBTUSD,Buy,100,29066.0,PlusTick,72ba8dc5-dba5-15d1-a5e9-0d011d4f4734,344045,0.00344045,100.0,Regular
2023-07-24T16:00:25.419Z,XBTUSD,Buy,1600,29066.0,ZeroPlusTick,3ce7b761-7ac0-8c21-a2c1-8bb97d03ef5c,5504720,0.0550472,1600.0,Regular
2023-07-24T16:00:25.419Z,XBTUSD,Buy,100,29066.0,ZeroPlusTick,3f7ab1f6-a56e-05f3-23d3-350853abd4b6,344045,0.00344045,100.0,Regular
2023-07-24T16:00:25.425Z,XBTUSD,Buy,100,29066.5,PlusTick,d71429d8-dd80-cbe5-c9b8-32ea34d822b0,344039,0.00344039,100.0,Regular
2023-07-24T16:00:25.431Z,XBTUSD,Buy,100,29066.5,ZeroPlusTick,44d37749-13ca-1699-f691-775360182a82,344039,0.00344039,100.0,Regular
2023-07-24T16:00:25.451Z,XBTUSD,Buy,100,29067.0,PlusTick,98857386-dc92-1ada-7131-8160a681f19f,344033,0.00344033,100.0,Regular
2023-07-24T16:00:25.542Z,XBTUSD,Buy,100,29069.5,PlusTick,8daf0746-00ab-ead1-37a0-7ae0274a7328,344003,0.00344003,100.0,Regular
2023-07-24T16:00:25.542Z,XBTUSD,Buy,8800,29069.5,ZeroPlusTick,3102ccc5-ae29-7df7-fa9a-d84192d5340d,30272264,0.30272264,8800.0,Regular
2023-07-24T16:00:25.542Z,XBTUSD,Buy,55900,29070.0,PlusTick,30d479cf-a8a9-1330-c72e-d4dcc93612ee,192294323,1.92294323,55900.0,Regular
2023-07-24T16:00:25.581Z,XBTUSD,Buy,8800,29069.5,MinusTick,538b96f4-c677-57e1-24b8-a7e625849c09,30272264,0.30272264,8800.0,Regular
2023-07-24T16:00:25.581Z,XBTUSD,Buy,12400,29069.5,ZeroMinusTick,239c1933-3b81-ad0a-52af-c8cd1e590ded,42656372,0.42656372,12400.0,Regular
2023-07-24T16:00:25.666Z,XBTUSD,Buy,5000,29070.5,PlusTick,b3e3db5f-3f43-1108-3a7c-0c1598c07966,17199550,0.1719955,5000.0,Regular
2023-07-24T16:00:25.671Z,XBTUSD,Buy,300,29070.5,ZeroPlusTick,36ab0f88-5d83-09b8-16aa-71d8f44e29be,1031973,0.01031973,300.0,Regular
2023-07-24T16:00:25.675Z,XBTUSD,Buy,300,29070.5,ZeroPlusTick,4250729d-f32d-abc1-fbe3-f3f70eedeacf,1031973,0.01031973,300.0,Regular
2023-07-24T16:00:25.680Z,XBTUSD,Buy,300,29070.5,ZeroPlusTick,bdf84e2f-0994-1ca5-21fd-2b93f848c6e9,1031973,0.01031973,300.0,Regular
2023-07-24T16:00:27.463Z,XBTUSD,Buy,300,29071.0,PlusTick,1be4c6d2-04db-c850-e6c7-ee1807983047,1031955,0.01031955,300.0,Regular
2023-07-24T16:00:27.463Z,XBTUSD,Buy,100,29072.5,PlusTick,17a3c040-f16a-e8b6-1b7e-aea9cfe78bdf,343968,0.00343968,100.0,Regular
2023-07-24T16:00:40.046Z,XBTUSD,Buy,100,29075.0,PlusTick,b571b79b-3209-04fc-dbaa-7af5f64833dd,343938,0.00343938,100.0,Regular
2023-07-24T16:00:40.046Z,XBTUSD,Buy,8800,29075.0,ZeroPlusTick,cd3f64f4-1a12-cbf9-a6d5-1f2ed82ca0e7,30266544,0.30266544,8800.0,Regular
2023-07-24T16:00:40.046Z,XBTUSD,Buy,12400,29075.0,ZeroPlusTick,2e4ea41a-b10e-edaf-c912-3c87d9d8d99a,42648312,0.42648312,12400.0,Regular
2023-07-24T16:00:40.046Z,XBTUSD,Buy,300,29075.0,ZeroPlusTick,f81e4adf-0fb9-b38c-31f7-60e323d8be91,1031814,0.01031814,300.0,Regular
2023-07-24T16:00:40.063Z,XBTUSD,Buy,100,29076.0,PlusTick,9e9d50bc-0c98-94c0-0af7-eea6e21840c4,343926,0.00343926,100.0,Regular
2023-07-24T16:00:40.240Z,XBTUSD,Buy,6700,29078.0,PlusTick,b6ed56a9-ea3e-4e01-6ae6-84c8670ee07e,23041501,0.23041501,6700.0,Regular
2023-07-24T16:00:42.815Z,XBTUSD,Buy,2000,29082.0,PlusTick,31877133-c0b3-1819-21d1-dde7ae91cc77,6877100,0.068771,2000.0,Regular
2023-07-24T16:00:47.256Z,XBTUSD,Buy,2000,29082.0,ZeroPlusTick,8db4242f-313b-c9fd-e716-084272627124,6877100,0.068771,2000.0,Regular
2023-07-24T16:00:57.446Z,XBTUSD,Buy,4800,29082.0,ZeroPlusTick,8f34512f-8da2-ee51-7f68-4f95558e9edb,16505040,0.1650504,4800.0,Regular
2023-07-24T16:00:57.446Z,XBTUSD,Buy,300,29082.0,ZeroPlusTick,43d50748-071e-c2f6-c386-337e2f771dfe,1031565,0.01031565,300.0,Regular
2023-07-24T16:00:57.446Z,XBTUSD,Buy,1000,29082.0,ZeroPlusTick,b33d15d1-ac5a-f520-b26e-6fca875c1e8a,3438550,0.0343855,1000.0,Regular
2023-07-24T16:00:57.449Z,XBTUSD,Buy,100,29083.5,PlusTick,0cd50723-60f9-c792-8368-61376ebf9599,343838,0.00343838,100.0,Regular
2023-07-24T16:00:57.449Z,XBTUSD,Buy,100,29083.5,ZeroPlusTick,14035aed-d4a2-8c50-18db-504f383440b5,343838,0.00343838,100.0,Regular
2023-07-24T16:00:57.449Z,XBTUSD,Buy,100,29084.0,PlusTick,adddfd83-67a2-03d9-1227-affc3b4e318e,343832,0.00343832,100.0,Regular
2023-07-24T16:00:57.449Z,XBTUSD,Buy,22700,29084.5,PlusTick,2b9fa370-ec94-1133-773d-83c117e8892b,78048502,0.78048502,22700.0,Regular
2023-07-24T16:00:57.455Z,XBTUSD,Buy,30800,29084.5,ZeroPlusTick,cc809fba-6509-951a-f0b0-632094ed9a07,105898408,1.05898408,30800.0,Regular
2023-07-24T16:00:57.466Z,XBTUSD,Buy,2400,29084.5,ZeroPlusTick,83b9616f-74f9-227a-33df-c67673f61b5c,8251824,0.08251824,2400.0,Regular
2023-07-24T16:00:57.512Z,XBTUSD,Buy,10000,29085.0,PlusTick,92197e87-9407-d3a9-46dd-f9a3f44bedb0,34382000,0.34382,10000.0,Regular
2023-07-24T16:00:57.512Z,XBTUSD,Buy,100,29085.0,ZeroPlusTick,06b1b43d-bc0a-a2f2-5ff3-40c7a20a1e42,343820,0.0034382,100.0,Regular
2023-07-24T16:00:57.512Z,XBTUSD,Buy,200,29085.0,ZeroPlusTick,78e1b46e-6b48-20cd-5d21-9260f4ee982f,687640,0.0068764,200.0,Regular
2023-07-24T16:00:57.512Z,XBTUSD,Buy,4000,29085.0,ZeroPlusTick,696dd23b-7128-fbc3-5da7-b1b32bc626b2,13752800,0.137528,4000.0,Regular
2023-07-24T16:00:57.634Z,XBTUSD,Buy,300,29085.0,ZeroPlusTick,15a8fdea-d18a-d2c6-7ab5-b03040385868,1031460,0.0103146,300.0,Regular
2023-07-24T16:00:59.118Z,XBTUSD,Buy,8800,29086.0,PlusTick,3a6ea96f-c75d-b363-76d6-68d3a162e56d,30255104,0.30255104,8800.0,Regular
2023-07-24T16:00:59.118Z,XBTUSD,Buy,2500,29086.0,ZeroPlusTick,37132e5a-4726-dc1a-7765-1bf7b3493999,8595200,0.085952,2500.0,Regular
2023-07-24T16:00:59.123Z,XBTUSD,Buy,1100,29086.0,ZeroPlusTick,726dc73e-ac67-e9ed-cf8b-fac72967be2b,3781888,0.03781888,1100.0,Regular
2023-07-24T16:00:59.124Z,XBTUSD,Buy,8800,29086.0,ZeroPlusTick,b8964f9d-6b8d-2e2b-d59c-9bee6767ee25,30255104,0.30255104,8800.0,Regular
2023-07-24T16:00:59.131Z,XBTUSD,Buy,1000,29086.5,PlusTick,ffca0b50-5042-218a-c1d0-b06486141b9a,3438020,0.0343802,1000.0,Regular
2023-07-24T16:00:59.131Z,XBTUSD,Buy,100,29086.5,ZeroPlusTick,3647df9d-830a-6587-7f2e-7bb19344d347,343802,0.00343802,100.0,Regular
2023-07-24T16:00:59.135Z,XBTUSD,Buy,100,29087.0,PlusTick,756e36d3-fa91-ff5d-7618-bc74f81022d6,343796,0.00343796,100.0,Regular
2023-07-24T16:00:59.161Z,XBTUSD,Buy,100,29087.5,PlusTick,bc8bc83e-f737-5bca-912d-bd52aff2abb1,343790,0.0034379,100.0,Regular
2023-07-24T16:00:59.161Z,XBTUSD,Buy,100,29088.0,PlusTick,33bdcf3d-9754-202e-27ed-fe0d6bdd33b7,343784,0.00343784,100.0,Regular
2023-07-24T16:00:59.161Z,XBTUSD,Buy,1000,29088.0,ZeroPlusTick,92b4cfdb-7096-3eff-98d4-6c0cd1284868,3437840,0.0343784,1000.0,Regular
2023-07-24T16:00:59.171Z,XBTUSD,Buy,1000,29088.5,PlusTick,4d179e03-1d8a-a17b-761d-1347cf9e881c,3437780,0.0343778,1000.0,Regular
2023-07-24T16:00:59.171Z,XBTUSD,Buy,100,29088.5,ZeroPlusTick,c742e05b-ce73-f8be-b796-8b07fe42bdb3,343778,0.00343778,100.0,Regular
2023-07-24T16:00:59.171Z,XBTUSD,Buy,2000,29089.0,PlusTick,c58cc60c-f6ed-9a02-89c7-5fb82b126e10,6875460,0.0687546,2000.0,Regular
2023-07-24T16:01:04.772Z,XBTUSD,Buy,100,29090.0,PlusTick,4d60ebe2-b040-d68c-7371-c7a3b4f7116c,343761,0.00343761,100.0,Regular
2023-07-24T16:01:04.772Z,XBTUSD,Buy,2000,29090.0,ZeroPlusTick,68bf5c3f-8884-b2f9-12cf-bfad06c63140,6875220,0.0687522,2000.0,Regular
2023-07-24T16:01:04.772Z,XBTUSD,Buy,1200,29090.0,ZeroPlusTick,bfbe1c46-130c-b2a5-542c-8e3d91d5b67c,4125132,0.04125132,1200.0,Regular
2023-07-24T16:01:04.794Z,XBTUSD,Buy,100,29090.5,PlusTick,50a8c2d1-c5b8-ff5f-cac9-ea45df7d2183,343755,0.00343755,100.0,Regular
2023-07-24T16:01:11.212Z,XBTUSD,Sell,400,29091.0,PlusTick,0ea271f6-12ae-c2b0-227e-962a6fe63c3b,1374996,0.01374996,400.0,Regular
2023-07-24T16:01:16.478Z,XBTUSD,Buy,100,29091.5,PlusTick,60daea88-448f-1523-3a99-d98079e5cbfc,343743,0.00343743,100.0,Regular
2023-07-24T16:01:17.228Z,XBTUSD,Buy,1000,29091.5,ZeroPlusTick,fd9a6327-60c7-563b-91b8-7ecc128a26e1,3437430,0.0343743,1000.0,Regular
2023-07-24T16:01:17.228Z,XBTUSD,Buy,25800,29091.5,ZeroPlusTick,5144f02b-3ca5-7284-831d-8b8b5238b9b6,88685694,0.88685694,25800.0,Regular
2023-07-24T16:01:19.199Z,XBTUSD,Buy,900,29091.5,ZeroPlusTick,ed329a59-f4d4-7ba2-3c52-fe063d55d619,3093687,0.03093687,900.0,Regular
2023-07-24T16:01:28.603Z,XBTUSD,Buy,2000,29092.0,PlusTick,42aaadc1-6347-2647-b38f-d7fb8bed5163,6874740,0.0687474,2000.0,Regular
2023-07-24T16:01:28.603Z,XBTUSD,Buy,100,29092.0,ZeroPlusTick,e76449da-6ef3-f7cf-1642-71b7bceda942,343737,0.00343737,100.0,Regular
2023-07-24T16:01:28.603Z,XBTUSD,Buy,100,29092.0,ZeroPlusTick,e6c4ccce-2bad-46b7-8415-5d00d00088dd,343737,0.00343737,100.0,Regular
2023-07-24T16:01:28.603Z,XBTUSD,Buy,19000,29092.0,ZeroPlusTick,e926fc5c-09df-5360-7f33-7f66f20e6db0,65310030,0.6531003,19000.0,Regular
2023-07-24T16:01:28.604Z,XBTUSD,Buy,15600,29092.0,ZeroPlusTick,1df391af-e6e7-7a94-a59e-13e941f18c9c,53622972,0.53622972,15600.0,Regular
2023-07-24T16:01:28.605Z,XBTUSD,Buy,22600,29092.0,ZeroPlusTick,1b5ee77b-25fc-dc29-6803-2131c1c526ce,77684562,0.77684562,22600.0,Regular
2023-07-24T16:01:28.646Z,XBTUSD,Buy,2000,29093.0,PlusTick,d4017bc6-e5b1-9caf-1036-f236dc75520c,6874500,0.068745,2000.0,Regular
2023-07-24T16:01:28.646Z,XBTUSD,Buy,100,29093.0,ZeroPlusTick,990ba14c-2f96-fc04-dfcb-96f6efd85586,343725,0.00343725,100.0,Regular
2023-07-24T16:01:30.543Z,XBTUSD,Buy,100,29093.5,PlusTick,a30e77cb-3c68-f99a-c5fe-e71230982b08,343719,0.00343719,100.0,Regular
2023-07-24T16:01:30.549Z,XBTUSD,Buy,1000,29093.5,ZeroPlusTick,085c244b-8b09-6256-b716-95b8cf25d7b5,3437190,0.0343719,1000.0,Regular
2023-07-24T16:01:31.224Z,XBTUSD,Buy,2000,29094.0,PlusTick,e25eb2aa-1977-8753-df27-a99266906f66,6874260,0.0687426,2000.0,Regular
2023-07-24T16:01:31.224Z,XBTUSD,Buy,100,29094.0,ZeroPlusTick,d30e42c6-997b-daaa-e279-40239204a1d5,343713,0.00343713,100.0,Regular
2023-07-24T16:01:31.224Z,XBTUSD,Buy,1000,29094.5,PlusTick,1a7beb42-6195-e51a-1f56-adfdb78c206b,3437080,0.0343708,1000.0,Regular
2023-07-24T16:01:31.224Z,XBTUSD,Buy,6900,29094.5,ZeroPlusTick,d71a397f-d653-cf7a-3fbe-ab16b6c46ac1,23715852,0.23715852,6900.0,Regular
2023-07-24T16:01:42.491Z,XBTUSD,Buy,100,29094.5,ZeroPlusTick,6b3669a3-b87b-a823-7208-167c9bf12359,343708,0.00343708,100.0,Regular
2023-07-24T16:01:50.233Z,XBTUSD,Sell,400,29094.0,MinusTick,49c1192b-fd92-a7d4-2652-ce403f3873ec,1374852,0.01374852,400.0,Regular
2023-07-24T16:01:53.387Z,XBTUSD,Sell,11900,29094.0,ZeroMinusTick,4c82f30a-1f8c-ff3d-7967-c4e34c925cce,40901847,0.40901847,11900.0,Regular
2023-07-24T16:01:53.387Z,XBTUSD,Sell,800,29094.0,ZeroMinusTick,2b9c37e4-9eb7-f7fe-44c0-0b04aedf5768,2749704,0.02749704,800.0,Regular
2023-07-24T16:01:53.387Z,XBTUSD,Sell,100,29094.0,ZeroMinusTick,2eaff7bd-cf8f-2a15-cdba-63b98f958bc5,343713,0.00343713,100.0,Regular
2023-07-24T16:01:53.387Z,XBTUSD,Sell,10200,29094.0,ZeroMinusTick,fe09969e-74bc-f5da-fe9e-f2f72257c54d,35058726,0.35058726,10200.0,Regular
2023-07-24T16:01:53.387Z,XBTUSD,Sell,15700,29094.0,ZeroMinusTick,4bb2ab41-5e51-024b-5852-dd08d9e1f51c,53962941,0.53962941,15700.0,Regular
2023-07-24T16:01:53.387Z,XBTUSD,Sell,100,29094.0,ZeroMinusTick,6d007db5-182e-9ad0-9ef7-8a9508a2466b,343713,0.00343713,100.0,Regular
2023-07-24T16:01:53.387Z,XBTUSD,Sell,100,29094.0,ZeroMinusTick,821611b4-21c1-7ca7-7e66-6fd76bb0012b,343713,0.00343713,100.0,Regular
2023-07-24T16:01:53.387Z,XBTUSD,Sell,300,29094.0,ZeroMinusTick,967ff0ac-5413-b206-4b25-9040bf2ed77e,1031139,0.01031139,300.0,Regular
2023-07-24T16:01:53.387Z,XBTUSD,Sell,100,29094.0,ZeroMinusTick,eedf9a1a-361b-b7d0-6182-109ac94b4ca6,343713,0.00343713,100.0,Regular
2023-07-24T16:01:53.387Z,XBTUSD,Sell,300,29094.0,ZeroMinusTick,9fc8144c-8040-03d2-1a5f-25fed7e5a483,1031139,0.01031139,300.0,Regular
2023-07-24T16:01:53.387Z,XBTUSD,Sell,300,29094.0,ZeroMinusTick,4eb7a1cd-80db-4b31-58ca-c2dbc987605e,1031139,0.01031139,300.0,Regular
2023-07-24T16:01:54.247Z,XBTUSD,Buy,1200,29091.5,MinusTick,d5f54fc0-df39-7385-3553-a6d8758e5d87,4124916,0.04124916,1200.0,Regular
2023-07-24T16:01:58.735Z,XBTUSD,Buy,1000,29094.5,PlusTick,48596b11-6ec1-12df-e59e-35a8b07a924b,3437080,0.0343708,1000.0,Regular
2023-07-24T16:01:58.735Z,XBTUSD,Buy,100,29094.5,ZeroPlusTick,a4a2c57d-f2cc-6e90-4b64-1064ba11095c,343708,0.00343708,100.0,Regular
2023-07-24T16:01:58.735Z,XBTUSD,Buy,8800,29094.5,ZeroPlusTick,ac812308-9e92-463a-fd28-4d4b55257453,30246304,0.30246304,8800.0,Regular
2023-07-24T16:01:58.753Z,XBTUSD,Buy,2000,29095.0,PlusTick,81e1dd5f-9dd0-51ab-ff5c-4c0afc02d059,6874040,0.0687404,2000.0,Regular
2023-07-24T16:01:58.753Z,XBTUSD,Buy,100,29095.0,ZeroPlusTick,4bf01fdc-419a-60eb-4f3c-8b060e9dca63,343702,0.00343702,100.0,Regular
2023-07-24T16:01:58.888Z,XBTUSD,Buy,1200,29095.5,PlusTick,e5db4433-bb95-a5bd-d528-98b5b0295266,4124352,0.04124352,1200.0,Regular
2023-07-24T16:01:58.888Z,XBTUSD,Buy,300,29095.5,ZeroPlusTick,3732127e-a3c6-1a0f-bab2-c818aeec8db2,1031088,0.01031088,300.0,Regular
2023-07-24T16:02:13.003Z,XBTUSD,Buy,2000,29096.0,PlusTick,2895df4f-73c4-bbaa-e7fe-c163240878da,6873800,0.068738,2000.0,Regular
2023-07-24T16:02:13.003Z,XBTUSD,Buy,100,29096.0,ZeroPlusTick,43a97d53-2c39-8209-3d14-6b35c410401e,343690,0.0034369,100.0,Regular
2023-07-24T16:02:13.003Z,XBTUSD,Buy,100,29096.0,ZeroPlusTick,cfda6286-4aff-424f-383f-e0ed9e5795bd,343690,0.0034369,100.0,Regular
2023-07-24T16:02:13.003Z,XBTUSD,Buy,1200,29096.0,ZeroPlusTick,bda64c18-20e1-1e22-cb47-03ec452f7990,4124280,0.0412428,1200.0,Regular
2023-07-24T16:02:13.003Z,XBTUSD,Buy,8800,29096.0,ZeroPlusTick,48b7c3d6-7b03-7a17-c7ea-30ba24c9ee6a,30244720,0.3024472,8800.0,Regular
2023-07-24T16:02:13.003Z,XBTUSD,Buy,300,29096.0,ZeroPlusTick,bbf3a524-ae83-ff13-51fd-43b87a73c24e,1031070,0.0103107,300.0,Regular
2023-07-24T16:02:13.003Z,XBTUSD,Buy,2000,29096.0,ZeroPlusTick,b3b783d5-a779-286f-a4e0-d98fa92cb54e,6873800,0.068738,2000.0,Regular
2023-07-24T16:02:13.003Z,XBTUSD,Buy,100,29096.5,PlusTick,83686269-3487-9885-f494-ca8662693634,343684,0.00343684,100.0,Regular
2023-07-24T16:02:13.003Z,XBTUSD,Buy,100,29099.0,PlusTick,89e32f16-c1ad-bba6-ce50-369f19c4330b,343654,0.00343654,100.0,Regular
2023-07-24T16:02:13.003Z,XBTUSD,Buy,2200,29099.0,ZeroPlusTick,0134bba1-2cbc-048c-08e4-df082ea67362,7560388,0.07560388,2200.0,Regular
2023-07-24T16:02:13.003Z,XBTUSD,Buy,12400,29099.0,ZeroPlusTick,01c12c16-f4c3-950f-4229-9f40722601fa,42613096,0.42613096,12400.0,Regular
2023-07-24T16:02:13.003Z,XBTUSD,Buy,300,29099.5,PlusTick,f53adc3e-1f75-4315-e123-f18b7bdcd701,1030947,0.01030947,300.0,Regular
2023-07-24T16:02:13.003Z,XBTUSD,Buy,100,29100.0,PlusTick,4a922000-ae2f-2a0e-8ea2-4c6f78ad296e,343643,0.00343643,100.0,Regular
2023-07-24T16:02:13.003Z,XBTUSD,Buy,100,29100.0,ZeroPlusTick,2532997d-35f9-e5d1-556c-c62d025d9d9c,343643,0.00343643,100.0,Regular
2023-07-24T16:02:13.003Z,XBTUSD,Buy,1800,29100.0,ZeroPlusTick,61ba37a6-dbdd-e774-a069-8240effe44d7,6185574,0.06185574,1800.0,Regular
2023-07-24T16:02:13.003Z,XBTUSD,Buy,300,29100.0,ZeroPlusTick,b22147af-a579-8d4d-d12a-b581b9a8fc2e,1030929,0.01030929,300.0,Regular
2023-07-24T16:02:17.191Z,XBTUSD,Buy,300,29100.5,PlusTick,b6c740d9-ce34-be22-3a0b-7b9aa16c0ca0,1030911,0.01030911,300.0,Regular
2023-07-24T16:02:17.191Z,XBTUSD,Buy,800,29100.5,ZeroPlusTick,65fb10bc-654b-d87c-9c72-ae1e758dcbbb,2749096,0.02749096,800.0,Regular
2023-07-24T16:02:19.835Z,XBTUSD,Buy,800,29100.5,ZeroPlusTick,47d5d50d-5031-7fb7-9483-e4bacba3064f,2749096,0.02749096,800.0,Regular
2023-07-24T16:02:19.863Z,XBTUSD,Buy,10800,29100.5,ZeroPlusTick,c704a2fd-7d04-de7a-6096-21d43b3fd8d6,37112796,0.37112796,10800.0,Regular
2023-07-24T16:02:19.863Z,XBTUSD,Buy,5000,29100.5,ZeroPlusTick,bd0d4116-6e0a-db29-265a-6167bd92650e,17181850,0.1718185,5000.0,Regular
2023-07-24T16:02:19.863Z,XBTUSD,Buy,1200,29100.5,ZeroPlusTick,d2a1bef1-ed25-0c0f-82d4-4a740affd75a,4123644,0.04123644,1200.0,Regular
2023-07-24T16:02:19.863Z,XBTUSD,Buy,8800,29100.5,ZeroPlusTick,7da9c873-1c6b-4630-4d4f-066e7bf3b19b,30240056,0.30240056,8800.0,Regular
2023-07-24T16:02:19.863Z,XBTUSD,Buy,800,29100.5,ZeroPlusTick,37cea9a9-0fbe-24fe-53b7-78dc2330947c,2749096,0.02749096,800.0,Regular
2023-07-24T16:02:19.873Z,XBTUSD,Buy,1200,29100.5,ZeroPlusTick,d60f728c-bf90-3b42-097a-6da991c011f3,4123644,0.04123644,1200.0,Regular
2023-07-24T16:02:19.873Z,XBTUSD,Buy,300,29100.5,ZeroPlusTick,d4f48ba1-23af-20fb-2e90-405b7ad2e9fa,1030911,0.01030911,300.0,Regular
2023-07-24T16:02:19.881Z,XBTUSD,Buy,800,29101.0,PlusTick,d824e5b9-abbb-4837-8e71-6595eb839c35,2749048,0.02749048,800.0,Regular
2023-07-24T16:02:19.881Z,XBTUSD,Buy,200,29102.5,PlusTick,a09a4211-3b36-5052-e83e-8ccc6527dad3,687226,0.00687226,200.0,Regular
2023-07-24T16:02:19.955Z,XBTUSD,Buy,6000,29103.0,PlusTick,1b799cba-e75c-0bc6-7353-c7d3749f563c,20616420,0.2061642,6000.0,Regular
2023-07-24T16:02:19.960Z,XBTUSD,Buy,700,29103.0,ZeroPlusTick,209ee2f2-d742-1806-9ed8-db88bbf74355,2405249,0.02405249,700.0,Regular
2023-07-24T16:02:20.026Z,XBTUSD,Buy,21800,29104.0,PlusTick,189ed327-ec2e-1689-2c5d-7db0a3329900,74903710,0.7490371,21800.0,Regular
2023-07-24T16:02:20.036Z,XBTUSD,Buy,7700,29104.0,ZeroPlusTick,e7244345-d1ec-6ba0-7231-f522abe0fb80,26456815,0.26456815,7700.0,Regular
2023-07-24T16:02:20.046Z,XBTUSD,Buy,26400,29104.0,ZeroPlusTick,b0735333-d565-690a-5630-0572d8baec99,90709080,0.9070908,26400.0,Regular
2023-07-24T16:02:20.075Z,XBTUSD,Buy,300,29104.5,PlusTick,d6594dd5-58da-f611-2c64-3936b8918357,1030767,0.01030767,300.0,Regular
2023-07-24T16:02:20.761Z,XBTUSD,Sell,24000,29106.0,PlusTick,a8dee42d-7c87-e33a-e77b-fef0660765d9,82457280,0.8245728,24000.0,Regular
2023-07-24T16:02:20.761Z,XBTUSD,Sell,12300,29106.0,ZeroPlusTick,e8555e82-884a-30d3-1892-3ae8f84beb56,42259356,0.42259356,12300.0,Regular
2023-07-24T16:02:20.761Z,XBTUSD,Sell,9900,29106.0,ZeroPlusTick,a0b56359-dd96-a38a-f2c4-47bf0fe153b2,34013628,0.34013628,9900.0,Regular
2023-07-24T16:02:21.048Z,XBTUSD,Sell,5000,29104.0,MinusTick,13ca9f18-945c-33fa-c09d-ce5c6de5a17d,17179750,0.1717975,5000.0,Regular
2023-07-24T16:02:21.100Z,XBTUSD,Sell,300,29103.5,MinusTick,aead5a86-b5da-dc1f-4306-061d02836f59,1030803,0.01030803,300.0,Regular
2023-07-24T16:02:21.100Z,XBTUSD,Sell,1100,29103.5,ZeroMinusTick,587ee62e-7baf-c9ce-239b-e5fa223d922c,3779611,0.03779611,1100.0,Regular
2023-07-24T16:02:21.100Z,XBTUSD,Sell,800,29100.0,MinusTick,3c916af5-8adb-9e61-037f-3e743cbf7fc4,2749144,0.02749144,800.0,Regular
2023-07-24T16:02:22.147Z,XBTUSD,Sell,8200,29100.5,PlusTick,aaee13ff-ad2a-8aad-9de5-7d5dc8ba2a0a,28178234,0.28178234,8200.0,Regular
2023-07-24T16:02:22.147Z,XBTUSD,Sell,165700,29100.0,MinusTick,904df7ff-4dd0-0af2-5d3b-7d764634ce71,569416451,5.69416451,165700.0,Regular
2023-07-24T16:02:24.521Z,XBTUSD,Buy,2500,29100.5,PlusTick,65a025cd-33c3-e862-fd1d-e184adc21448,8590925,0.08590925,2500.0,Regular
2023-07-24T16:02:25.378Z,XBTUSD,Buy,500,29100.5,ZeroPlusTick,520f16f0-c454-a559-7519-1c1cd8090e7a,1718185,0.01718185,500.0,Regular
2023-07-24T16:02:25.378Z,XBTUSD,Buy,1200,29100.5,ZeroPlusTick,7e2a99ff-14be-9a2a-ebe9-59a9a48f899d,4123644,0.04123644,1200.0,Regular
2023-07-24T16:02:25.378Z,XBTUSD,Buy,800,29100.5,ZeroPlusTick,7ffbb80c-2379-5610-03b2-731a35946292,2749096,0.02749096,800.0,Regular
2023-07-24T16:02:29.442Z,XBTUSD,Buy,2000,29100.5,ZeroPlusTick,69233603-37eb-2bf3-e994-72ee6a7fed75,6872740,0.0687274,2000.0,Regular
2023-07-24T16:02:31.115Z,XBTUSD,Buy,300,29103.5,PlusTick,49282016-2c9f-b55b-d0d0-b879b74c33a0,1030803,0.01030803,300.0,Regular
2023-07-24T16:02:35.220Z,XBTUSD,Buy,2500,29105.5,PlusTick,4d6a577e-c765-c8ec-6255-4ce59496bd51,8589450,0.0858945,2500.0,Regular
2023-07-24T16:02:37.903Z,XBTUSD,Sell,1200,29105.0,MinusTick,e5641223-1d62-9ef1-c6b2-960dd21cd27a,4123008,0.04123008,1200.0,Regular
2023-07-24T16:02:37.903Z,XBTUSD,Sell,3300,29105.0,ZeroMinusTick,ba9ecc87-0a7e-f4b7-b84a-aeff1ecc2226,11338272,0.11338272,3300.0,Regular
2023-07-24T16:02:37.903Z,XBTUSD,Sell,100,29105.0,ZeroMinusTick,e5112d54-a06d-f8eb-ea06-33783c430782,343584,0.00343584,100.0,Regular
2023-07-24T16:02:37.903Z,XBTUSD,Sell,200,29105.0,ZeroMinusTick,a66cad88-576a-4ea8-0723-173565f96015,687168,0.00687168,200.0,Regular
2023-07-24T16:02:37.903Z,XBTUSD,Sell,100,29105.0,ZeroMinusTick,2e9753e2-df16-1990-3649-eca928ab15c3,343584,0.00343584,100.0,Regular
2023-07-24T16:02:37.903Z,XBTUSD,Sell,200,29105.0,ZeroMinusTick,9b807733-72c1-db79-f2c2-db47c14c90ed,687168,0.00687168,200.0,Regular
2023-07-24T16:02:37.903Z,XBTUSD,Sell,5700,29105.0,ZeroMinusTick,dbf79898-846b-5a9c-53f5-fe16777961a6,19584288,0.19584288,5700.0,Regular
2023-07-24T16:02:37.903Z,XBTUSD,Sell,100,29105.0,ZeroMinusTick,91c2c1da-ac94-03a7-30b3-a1abd5473f53,343584,0.00343584,100.0,Regular
2023-07-24T16:02:37.903Z,XBTUSD,Sell,2900,29105.0,ZeroMinusTick,c7e1a8f5-ea0b-dd70-23f3-38253590a303,9963936,0.09963936,2900.0,Regular
2023-07-24T16:02:37.903Z,XBTUSD,Sell,9800,29105.0,ZeroMinusTick,57d1da42-cb5c-770d-efba-859b2cde25a1,33671232,0.33671232,9800.0,Regular
2023-07-24T16:02:40.243Z,XBTUSD,Buy,100,29100.5,MinusTick,b3217c98-8aab-f4d9-6160-18fb6dd3caf7,343637,0.00343637,100.0,Regular
2023-07-24T16:02:42.935Z,XBTUSD,Sell,1200,29100.5,ZeroMinusTick,60c418cd-49c7-50f3-bf72-813f6c4c2a25,4123644,0.04123644,1200.0,Regular
2023-07-24T16:02:44.241Z,XBTUSD,Sell,101600,29100.0,MinusTick,1c2ae58e-b2e7-55ef-301f-784aa31e3a92,349141288,3.49141288,101600.0,Regular
2023-07-24T16:02:44.241Z,XBTUSD,Sell,3300,29100.0,ZeroMinusTick,812dccc3-ba86-2861-9f02-dbc7b170a15f,11340219,0.11340219,3300.0,Regular
2023-07-24T16:02:44.241Z,XBTUSD,Sell,100,29100.0,ZeroMinusTick,089ec639-73b1-2848-5711-ff38ed654bf9,343643,0.00343643,100.0,Regular
2023-07-24T16:02:44.241Z,XBTUSD,Sell,100,29100.0,ZeroMinusTick,d3ace98f-eecf-31a3-d73d-47d04c562db9,343643,0.00343643,100.0,Regular
2023-07-24T16:02:44.241Z,XBTUSD,Sell,1400,29100.0,ZeroMinusTick,bcd0f2b8-73ba-b763-44ef-633e7590db7e,4811002,0.04811002,1400.0,Regular
2023-07-24T16:02:44.241Z,XBTUSD,Sell,100,29100.0,ZeroMinusTick,4764045b-dde7-33dc-9afe-4234ceeb490b,343643,0.00343643,100.0,Regular
2023-07-24T16:02:44.241Z,XBTUSD,Sell,700,29100.0,ZeroMinusTick,4d4a6cce-d486-a970-a82e-c2b988a91f90,2405501,0.02405501,700.0,Regular
2023-07-24T16:02:47.152Z,XBTUSD,Sell,100,29097.0,MinusTick,755879b7-ecc0-de63-0bea-8d3d6c5a2bc7,343678,0.00343678,100.0,Regular
2023-07-24T16:02:49.137Z,XBTUSD,Sell,200,29094.5,MinusTick,ee8df37c-809c-7c0e-fb0e-58f76c7b43fb,687416,0.00687416,200.0,Regular
2023-07-24T16:02:49.137Z,XBTUSD,Sell,400,29094.5,ZeroMinusTick,dd1d014a-f6e4-2678-13d9-55d1d246a3ef,1374832,0.01374832,400.0,Regular
2023-07-24T16:02:49.137Z,XBTUSD,Sell,800,29094.5,ZeroMinusTick,3fc9f06f-2331-9e70-3624-f34f5f2232ba,2749664,0.02749664,800.0,Regular
2023-07-24T16:02:49.174Z,XBTUSD,Sell,6000,29093.5,MinusTick,de2ac1f3-0f1a-8304-764a-3c13089028a6,20623140,0.2062314,6000.0,Regular
2023-07-24T16:02:49.739Z,XBTUSD,Sell,300,29093.0,MinusTick,852e86c9-9beb-0571-360f-bb9c96c574b8,1031175,0.01031175,300.0,Regular
2023-07-24T16:02:57.396Z,XBTUSD,Buy,100,29091.0,MinusTick,6fde462d-2ddf-bc71-2749-a67f7cc33efb,343749,0.00343749,100.0,Regular
2023-07-24T16:02:58.391Z,XBTUSD,Buy,4800,29096.5,PlusTick,9d6b0900-9dc6-d242-9e1c-2788ed5bb0ed,16496832,0.16496832,4800.0,Regular
2023-07-24T16:03:05.836Z,XBTUSD,Sell,100,29098.5,PlusTick,66119b23-5763-6df0-f7d9-ca0078c27a7a,343660,0.0034366,100.0,Regular
2023-07-24T16:03:16.213Z,XBTUSD,Sell,600,29098.5,ZeroPlusTick,3cfae855-9fa8-d6ec-6a70-3bb4704bcca1,2061960,0.0206196,600.0,Regular
2023-07-24T16:03:25.249Z,XBTUSD,Sell,100,29100.0,PlusTick,f029144e-c1c8-479c-d48d-2a35638162c6,343643,0.00343643,100.0,Regular
2023-07-24T16:03:40.032Z,XBTUSD,Buy,100,29100.5,PlusTick,15901576-07d5-c79e-c2a3-3b522273c443,343637,0.00343637,100.0,Regular
2023-07-24T16:03:40.032Z,XBTUSD,Buy,29000,29100.5,ZeroPlusTick,9a73c739-bf5b-d9c8-7005-9891336ca4a8,99654730,0.9965473,29000.0,Regular
2023-07-24T16:03:46.527Z,XBTUSD,Buy,100,29102.0,PlusTick,cdc57568-4f15-16f9-0479-f2c41aefc473,343619,0.00343619,100.0,Regular
2023-07-24T16:03:55.357Z,XBTUSD,Buy,4900,29102.0,ZeroPlusTick,572f9624-e3d2-f47f-f005-b7cfecb43c6a,16837331,0.16837331,4900.0,Regular
2023-07-24T16:03:55.357Z,XBTUSD,Buy,300,29102.0,ZeroPlusTick,6113c8c7-01c6-f5ac-a22b-2f310225d8fd,1030857,0.01030857,300.0,Regular
2023-07-24T16:03:55.357Z,XBTUSD,Buy,2500,29102.0,ZeroPlusTick,9c2856b9-ea62-77f3-47f0-5b345a9baa32,8590475,0.08590475,2500.0,Regular
2023-07-24T16:03:55.363Z,XBTUSD,Buy,9900,29102.0,ZeroPlusTick,76d76189-59ab-b564-fd1c-bc6b206ceb28,34018281,0.34018281,9900.0,Regular
2023-07-24T16:03:56.868Z,XBTUSD,Buy,2000,29104.0,PlusTick,f8940742-247d-6905-2a1c-506d7f6bddd8,6871900,0.068719,2000.0,Regular
2023-07-24T16:03:56.868Z,XBTUSD,Buy,5000,29104.0,ZeroPlusTick,6c594e80-4697-53fa-6f82-6ba43c46182d,17179750,0.1717975,5000.0,Regular
2023-07-24T16:03:56.868Z,XBTUSD,Buy,300,29104.0,ZeroPlusTick,937e985b-3ad3-c82a-e300-b33ff4928de8,1030785,0.01030785,300.0,Regular
2023-07-24T16:03:57.400Z,XBTUSD,Buy,4300,29106.0,PlusTick,6fff2310-5d5c-6bd4-3891-fd58deca9847,14773596,0.14773596,4300.0,Regular
2023-07-24T16:03:57.400Z,XBTUSD,Buy,200,29106.0,ZeroPlusTick,42418b0f-58a8-66b8-6cbd-9a0afce72f61,687144,0.00687144,200.0,Regular
2023-07-24T16:03:57.400Z,XBTUSD,Buy,300,29106.0,ZeroPlusTick,c69a4252-97c1-e413-b2f3-eb96cb089b21,1030716,0.01030716,300.0,Regular
2023-07-24T16:03:57.400Z,XBTUSD,Buy,1000,29106.0,ZeroPlusTick,5f84b54d-1a5a-32c2-7b68-57f22f613ac3,3435720,0.0343572,1000.0,Regular
2023-07-24T16:03:57.400Z,XBTUSD,Buy,9200,29107.0,PlusTick,62557e3b-5195-cfb4-c3e6-76baf2976440,31607520,0.3160752,9200.0,Regular
2023-07-24T16:04:02.136Z,XBTUSD,Buy,8800,29107.0,ZeroPlusTick,35984db6-5411-6b87-0e8c-b921229d4531,30233280,0.3023328,8800.0,Regular
2023-07-24T16:04:02.136Z,XBTUSD,Buy,12400,29107.0,ZeroPlusTick,178d5318-588c-d6c5-4012-7e928c5a4765,42601440,0.4260144,12400.0,Regular
2023-07-24T16:04:02.136Z,XBTUSD,Buy,100,29107.0,ZeroPlusTick,c398c2cc-ce27-b354-55ee-ece07ec39330,343560,0.0034356,100.0,Regular
2023-07-24T16:04:02.136Z,XBTUSD,Buy,2200,29107.0,ZeroPlusTick,d5cc2c1b-4176-7300-92f2-7fee1ada5742,7558320,0.0755832,2200.0,Regular
2023-07-24T16:04:02.155Z,XBTUSD,Buy,100,29107.5,PlusTick,fd978fe5-53db-de1e-ae65-8d0a9d963fb5,343554,0.00343554,100.0,Regular
2023-07-24T16:04:18.017Z,XBTUSD,Buy,100,29108.0,PlusTick,b42b4499-c120-ce9f-510e-f3c14fa8d096,343548,0.00343548,100.0,Regular
2023-07-24T16:04:18.017Z,XBTUSD,Buy,300,29108.0,ZeroPlusTick,9e36b848-9a73-8ba8-204b-087ac0595bec,1030644,0.01030644,300.0,Regular
2023-07-24T16:04:18.017Z,XBTUSD,Buy,12400,29108.0,ZeroPlusTick,a2a02966-4697-257c-fe95-cef4ec7c858e,42599952,0.42599952,12400.0,Regular
2023-07-24T16:04:18.017Z,XBTUSD,Buy,1000,29108.0,ZeroPlusTick,f2baa5ce-efb9-12e2-08a8-f34d91e53228,3435480,0.0343548,1000.0,Regular
2023-07-24T16:04:18.017Z,XBTUSD,Buy,1200,29108.0,ZeroPlusTick,76917bc8-edf7-1f81-0370-ced608175443,4122576,0.04122576,1200.0,Regular
2023-07-24T16:04:18.017Z,XBTUSD,Buy,29100,29108.0,ZeroPlusTick,4481a056-9303-9bad-7173-70954bfadeac,99972468,0.99972468,29100.0,Regular
2023-07-24T16:04:18.024Z,XBTUSD,Buy,9900,29108.0,ZeroPlusTick,c06a4e6f-430a-ee0d-42a4-68d57163830f,34011252,0.34011252,9900.0,Regular
2023-07-24T16:04:18.025Z,XBTUSD,Buy,33100,29109.5,PlusTick,29774e9d-e794-1a96-ead2-6689050e820f,113708430,1.1370843,33100.0,Regular
2023-07-24T16:04:18.029Z,XBTUSD,Buy,22800,29109.5,ZeroPlusTick,dd88f57f-be4a-4ad2-f774-8828b72b6896,78324840,0.7832484,22800.0,Regular
2023-07-24T16:04:18.029Z,XBTUSD,Buy,10300,29110.0,PlusTick,50d38547-01f5-657a-5910-c52b1bb5d808,35383075,0.35383075,10300.0,Regular
2023-07-24T16:04:18.032Z,XBTUSD,Buy,22700,29110.0,ZeroPlusTick,c8d7cae9-a15d-1c13-9483-5e1af7af56bb,77980175,0.77980175,22700.0,Regular
2023-07-24T16:04:18.037Z,XBTUSD,Buy,1200,29109.0,MinusTick,9db0abbc-b354-6796-729a-ac0ae3866475,4122432,0.04122432,1200.0,Regular
2023-07-24T16:04:18.037Z,XBTUSD,Buy,8800,29109.5,PlusTick,5b63096c-7c13-e9a1-0a1a-82b57ae4a7ed,30230640,0.3023064,8800.0,Regular
2023-07-24T16:04:18.044Z,XBTUSD,Buy,21600,29110.5,PlusTick,fad9dbc3-6bbd-45f6-4eaf-c8406650f49c,74200104,0.74200104,21600.0,Regular
2023-07-24T16:04:18.044Z,XBTUSD,Buy,2200,29110.5,ZeroPlusTick,06349fc4-f5fb-c06d-d9c8-aa72035fa3e5,7557418,0.07557418,2200.0,Regular
2023-07-24T16:04:27.675Z,XBTUSD,Sell,18200,29112.0,PlusTick,113d3fe6-c3e3-6aeb-b58f-5bb01ea51f0a,62517182,0.62517182,18200.0,Regular
2023-07-24T16:04:27.688Z,XBTUSD,Sell,2400,29112.0,ZeroPlusTick,0352ba23-6a99-279c-a603-261003b2ac57,8244024,0.08244024,2400.0,Regular
2023-07-24T16:04:51.457Z,XBTUSD,Buy,10000,29110.5,MinusTick,559711ee-b18b-5a36-e036-35715e8c665d,34351900,0.343519,10000.0,Regular
2023-07-24T16:04:54.492Z,XBTUSD,Buy,10000,29112.5,PlusTick,900a7267-09ba-2abf-b69b-9442f89f8afa,34349500,0.343495,10000.0,Regular
2023-07-24T16:04:54.492Z,XBTUSD,Buy,4000,29114.5,PlusTick,44f82888-2f59-bce5-e0fc-ea467e5e9237,13738840,0.1373884,4000.0,Regular
2023-07-24T16:04:54.492Z,XBTUSD,Buy,11300,29114.5,ZeroPlusTick,d440e312-3454-748e-0e9a-3bb8800f8e10,38812223,0.38812223,11300.0,Regular
2023-07-24T16:04:54.497Z,XBTUSD,Buy,1100,29114.5,ZeroPlusTick,69aeb804-fe69-13e1-47c3-74034c8d8b29,3778181,0.03778181,1100.0,Regular
2023-07-24T16:04:54.497Z,XBTUSD,Buy,8800,29115.0,PlusTick,6225f63b-6fa1-550f-f4d6-b03b9610d683,30225008,0.30225008,8800.0,Regular
2023-07-24T16:04:54.511Z,XBTUSD,Buy,300,29116.0,PlusTick,6b2b76a9-af0f-605d-9dcc-f8ab5ee3643d,1030362,0.01030362,300.0,Regular
2023-07-24T16:04:54.511Z,XBTUSD,Buy,1000,29116.0,ZeroPlusTick,92f906cf-1228-176c-2cb6-37bac100888d,3434540,0.0343454,1000.0,Regular
2023-07-24T16:04:54.511Z,XBTUSD,Buy,300,29116.5,PlusTick,5934d3f5-05b2-61d3-f00d-74cde52bd1fb,1030344,0.01030344,300.0,Regular
2023-07-24T16:05:01.087Z,XBTUSD,Sell,14100,29116.5,ZeroPlusTick,06c2be25-8f5e-9392-fadb-95e31834cb7a,48426168,0.48426168,14100.0,Regular
2023-07-24T16:05:01.087Z,XBTUSD,Sell,100,29116.5,ZeroPlusTick,eb13a40d-bf89-891d-284b-e3345592c471,343448,0.00343448,100.0,Regular
2023-07-24T16:05:01.087Z,XBTUSD,Sell,1000,29116.5,ZeroPlusTick,340d3907-7180-8e46-f00c-51d447ce05cd,3434480,0.0343448,1000.0,Regular
2023-07-24T16:05:01.087Z,XBTUSD,Sell,500,29116.5,ZeroPlusTick,bde3d15e-b711-60e7-bdd1-dc1bed3dc1af,1717240,0.0171724,500.0,Regular
2023-07-24T16:05:01.103Z,XBTUSD,Sell,200,29116.5,ZeroPlusTick,818e21f7-69d7-cd30-f32d-7ddf1a09cc15,686896,0.00686896,200.0,Regular
2023-07-24T16:05:01.103Z,XBTUSD,Sell,5000,29116.5,ZeroPlusTick,bf00be2e-3078-3a18-34af-28aa42191258,17172400,0.171724,5000.0,Regular
2023-07-24T16:05:01.786Z,XBTUSD,Sell,3200,29113.5,MinusTick,0e0010de-98fd-3b35-83cf-778296f0d690,10991456,0.10991456,3200.0,Regular
2023-07-24T16:05:01.786Z,XBTUSD,Sell,100,29113.5,ZeroMinusTick,de6b5e11-74ab-4251-e069-de7d1785e4ad,343483,0.00343483,100.0,Regular
2023-07-24T16:05:04.504Z,XBTUSD,Sell,200,29110.0,MinusTick,16650b6a-4e9c-6dc1-2348-86e1de47124d,687050,0.0068705,200.0,Regular
2023-07-24T16:05:05.270Z,XBTUSD,Sell,700,29110.0,ZeroMinusTick,4c563557-d0d5-6310-b3c8-cd99a9e4536e,2404675,0.02404675,700.0,Regular
2023-07-24T16:05:06.836Z,XBTUSD,Buy,1000,29110.5,PlusTick,288b29d6-41a5-2310-8890-2ac7e3875459,3435190,0.0343519,1000.0,Regular
2023-07-24T16:05:07.975Z,XBTUSD,Sell,400,29110.0,MinusTick,40165bd0-34a9-5224-5c1e-2b7b39d320c9,1374100,0.013741,400.0,Regular
2023-07-24T16:05:07.975Z,XBTUSD,Sell,100,29110.0,ZeroMinusTick,26a09ac3-e3a9-9e4b-ec54-25526940d5ab,343525,0.00343525,100.0,Regular
2023-07-24T16:05:07.975Z,XBTUSD,Sell,5100,29110.0,ZeroMinusTick,23eeb378-a00e-5992-6893-975a84847d6a,17519775,0.17519775,5100.0,Regular
2023-07-24T16:05:07.975Z,XBTUSD,Sell,300,29110.0,ZeroMinusTick,bca95f30-2597-0983-2e88-fae9e34b74e1,1030575,0.01030575,300.0,Regular
2023-07-24T16:05:08.740Z,XBTUSD,Sell,3500,29110.0,ZeroMinusTick,19e7e170-3722-912a-a9fa-2645359499d4,12023375,0.12023375,3500.0,Regular
2023-07-24T16:05:08.740Z,XBTUSD,Sell,5000,29110.0,ZeroMinusTick,6813c269-35a9-7ff8-e463-bf97b9bd8439,17176250,0.1717625,5000.0,Regular
2023-07-24T16:05:08.780Z,XBTUSD,Sell,6700,29108.5,MinusTick,7dece5d3-2e2f-6cf1-5493-d33c350fbb2a,23017314,0.23017314,6700.0,Regular
2023-07-24T16:05:08.780Z,XBTUSD,Sell,700,29107.5,MinusTick,076703d9-5d20-55ca-5ca7-4747a37d429e,2404878,0.02404878,700.0,Regular
2023-07-24T16:05:08.780Z,XBTUSD,Sell,13000,29107.5,ZeroMinusTick,e7024731-b234-657f-6c24-392c39f83e7b,44662020,0.4466202,13000.0,Regular
2023-07-24T16:05:08.915Z,XBTUSD,Sell,100,29107.0,MinusTick,9edcf75d-0747-7c9e-c858-ddf502820b81,343560,0.0034356,100.0,Regular
2023-07-24T16:05:10.285Z,XBTUSD,Buy,17500,29104.0,MinusTick,59a505ac-7d1b-4566-7af2-5623ac29f717,60129125,0.60129125,17500.0,Regular
2023-07-24T16:05:12.559Z,XBTUSD,Sell,1200,29111.0,PlusTick,fbf17e08-a54c-eeca-0654-6820edfa213d,4122156,0.04122156,1200.0,Regular
2023-07-24T16:05:12.559Z,XBTUSD,Sell,900,29111.0,ZeroPlusTick,234fd1b4-db91-34dc-2c8c-53f7cffd429d,3091617,0.03091617,900.0,Regular
2023-07-24T16:05:13.414Z,XBTUSD,Buy,6500,29108.0,MinusTick,279f6d20-c488-d517-f680-a8a870b659ba,22330620,0.2233062,6500.0,Regular
2023-07-24T16:05:16.906Z,XBTUSD,Sell,100,29106.5,MinusTick,9d9de9cc-4267-4128-ea7b-40867cd1f526,343566,0.00343566,100.0,Regular
2023-07-24T16:05:17.654Z,XBTUSD,Sell,3900,29106.5,ZeroMinusTick,c06bcc57-9140-002c-e8f0-873d3bca3145,13399074,0.13399074,3900.0,Regular
2023-07-24T16:05:17.658Z,XBTUSD,Sell,13700,29106.5,ZeroMinusTick,74d68798-b5fa-c2c5-7611-9c92bcfd8a51,47068542,0.47068542,13700.0,Regular
2023-07-24T16:05:17.659Z,XBTUSD,Sell,21400,29106.5,ZeroMinusTick,e8c0745e-f8ee-6e60-7bb2-66a212aa3b32,73523124,0.73523124,21400.0,Regular
2023-07-24T16:05:17.665Z,XBTUSD,Sell,6700,29105.5,MinusTick,a0f7d208-0d45-d8ea-1366-91d7e72af27e,23019726,0.23019726,6700.0,Regular
2023-07-24T16:05:17.672Z,XBTUSD,Sell,100,29103.5,MinusTick,76559ac0-9134-b2df-c92a-a74c4063afde,343601,0.00343601,100.0,Regular
2023-07-24T16:05:17.732Z,XBTUSD,Sell,1200,29102.5,MinusTick,7df68817-4c5c-dd80-73e3-eb37499f1468,4123356,0.04123356,1200.0,Regular
2023-07-24T16:05:17.911Z,XBTUSD,Sell,100,29102.0,MinusTick,3617f9c2-0717-d270-9022-1ed45333f21f,343619,0.00343619,100.0,Regular
2023-07-24T16:05:18.348Z,XBTUSD,Buy,200,29101.5,MinusTick,8f8a7be1-2fa9-6ffe-bede-b84ad7bdffb4,687250,0.0068725,200.0,Regular
2023-07-24T16:05:22.200Z,XBTUSD,Sell,100,29100.0,MinusTick,ea3d4986-6872-606c-8141-20bfbcdd42a1,343643,0.00343643,100.0,Regular
2023-07-24T16:05:22.200Z,XBTUSD,Sell,1300,29100.0,ZeroMinusTick,bdc4e2af-f665-a99e-e956-8886d1fa4807,4467359,0.04467359,1300.0,Regular
2023-07-24T16:05:22.200Z,XBTUSD,Sell,400,29100.0,ZeroMinusTick,2e9f6cc8-4397-67f8-a8c2-4d430beeb576,1374572,0.01374572,400.0,Regular
2023-07-24T16:05:22.200Z,XBTUSD,Sell,100,29097.5,MinusTick,e69a34a6-418d-4aae-db14-1b7a3c8d64a7,343672,0.00343672,100.0,Regular
2023-07-24T16:05:22.200Z,XBTUSD,Sell,1000,29096.5,MinusTick,7a90e52c-eaa8-5a98-ceec-3d36c482f6e4,3436840,0.0343684,1000.0,Regular
2023-07-24T16:05:35.916Z,XBTUSD,Buy,2800,29089.0,MinusTick,45af274c-7fd0-2169-d311-7ed9347dfb4f,9625644,0.09625644,2800.0,Regular
2023-07-24T16:05:37.845Z,XBTUSD,Buy,100,29092.5,PlusTick,a42feda3-99c2-c8f0-e5b2-809e02bb538a,343731,0.00343731,100.0,Regular
2023-07-24T16:05:37.845Z,XBTUSD,Buy,22200,29092.5,ZeroPlusTick,c22d74c5-fd8b-9b8a-a1f9-f578c22eadba,76308282,0.76308282,22200.0,Regular
2023-07-24T16:05:37.845Z,XBTUSD,Buy,10800,29092.5,ZeroPlusTick,30ed3025-d74b-fea9-55be-28ae64cd4c4e,37122948,0.37122948,10800.0,Regular
2023-07-24T16:05:40.704Z,XBTUSD,Sell,100,29096.5,PlusTick,3b79b69a-ba10-fd21-6c37-0b9858deaf9f,343684,0.00343684,100.0,Regular
2023-07-24T16:05:40.704Z,XBTUSD,Sell,200,29096.5,ZeroPlusTick,b89a8b44-91e6-17a7-cedd-199fb3e382af,687368,0.00687368,200.0,Regular
2023-07-24T16:05:43.542Z,XBTUSD,Sell,200,29094.0,MinusTick,71e28839-d8d8-7d77-b111-b972df284861,687426,0.00687426,200.0,Regular
2023-07-24T16:05:43.558Z,XBTUSD,Sell,100,29092.0,MinusTick,68379f3d-c904-37e5-0884-5116d0738638,343737,0.00343737,100.0,Regular
2023-07-24T16:05:43.558Z,XBTUSD,Sell,39000,29091.5,MinusTick,43358d9b-bf16-b73c-5164-ce2e8f85be34,134059770,1.3405977,39000.0,Regular
2023-07-24T16:05:43.558Z,XBTUSD,Sell,14300,29090.5,MinusTick,3df2559c-be85-9d0c-e801-95d43c2d3a08,49156965,0.49156965,14300.0,Regular
2023-07-24T16:05:43.558Z,XBTUSD,Sell,2500,29089.5,MinusTick,468bb577-4cb6-e1ed-00e6-cf641112174f,8594175,0.08594175,2500.0,Regular
2023-07-24T16:05:43.566Z,XBTUSD,Sell,11800,29089.5,ZeroMinusTick,33abad22-5589-4bf5-9557-52df48420043,40564506,0.40564506,11800.0,Regular
2023-07-24T16:05:44.451Z,XBTUSD,Sell,100,29088.0,MinusTick,4348e490-2f27-eab9-892c-b532936b1d05,343784,0.00343784,100.0,Regular
2023-07-24T16:05:45.245Z,XBTUSD,Sell,10000,29087.0,MinusTick,6f73d780-1970-ce4d-84fd-2c120970f05f,34379600,0.343796,10000.0,Regular
2023-07-24T16:05:58.127Z,XBTUSD,Sell,100,29086.5,MinusTick,fd837ea9-f3b1-f3ca-3032-474de0ff9b14,343802,0.00343802,100.0,Regular
2023-07-24T16:05:58.127Z,XBTUSD,Sell,300,29086.5,ZeroMinusTick,c8432bcf-c724-4234-cefa-ef0379be822a,1031406,0.01031406,300.0,Regular
2023-07-24T16:05:58.127Z,XBTUSD,Sell,16000,29086.5,ZeroMinusTick,b2e08a91-f017-9469-b758-cddfc3c9a356,55008320,0.5500832,16000.0,Regular
2023-07-24T16:06:11.832Z,XBTUSD,Buy,9200,29081.5,MinusTick,22399358-925a-7843-5149-2f5e30285637,31635212,0.31635212,9200.0,Regular
2023-07-24T16:06:11.832Z,XBTUSD,Buy,2000,29081.5,ZeroMinusTick,23c36747-f997-7658-68c9-add03d8adb18,6877220,0.0687722,2000.0,Regular
2023-07-24T16:06:11.832Z,XBTUSD,Buy,72700,29081.5,ZeroMinusTick,61188ad7-484a-9f15-32ed-cdc706e0474f,249986947,2.49986947,72700.0,Regular
2023-07-24T16:06:11.832Z,XBTUSD,Buy,100,29081.5,ZeroMinusTick,05e7d4e4-17cd-ac47-a3a0-a1a644fd7710,343861,0.00343861,100.0,Regular
2023-07-24T16:06:11.832Z,XBTUSD,Buy,200,29081.5,ZeroMinusTick,5ee9ce0e-efe6-c8fb-c8c4-61cded6dd05a,687722,0.00687722,200.0,Regular
2023-07-24T16:06:11.832Z,XBTUSD,Buy,100,29081.5,ZeroMinusTick,1c5e2bb3-f12e-dddf-29ab-b686b4bfee1e,343861,0.00343861,100.0,Regular
2023-07-24T16:06:11.832Z,XBTUSD,Buy,900,29081.5,ZeroMinusTick,424f9cdb-4705-6ee4-f525-ff0c03dc7345,3094749,0.03094749,900.0,Regular
2023-07-24T16:06:11.832Z,XBTUSD,Buy,700,29081.5,ZeroMinusTick,5c9d8033-2d91-ad46-48d7-026a5f1eb0c2,2407027,0.02407027,700.0,Regular
2023-07-24T16:06:18.594Z,XBTUSD,Buy,5000,29088.5,PlusTick,e601033e-118d-a035-d5bb-9b214e17d316,17188900,0.171889,5000.0,Regular
2023-07-24T16:06:18.594Z,XBTUSD,Buy,5000,29088.5,ZeroPlusTick,f7cf801f-968d-60f8-fe7b-24f1435adfb3,17188900,0.171889,5000.0,Regular
2023-07-24T16:06:30.628Z,XBTUSD,Buy,5000,29088.5,ZeroPlusTick,4bb77dc3-e2ef-21fa-f7f4-cf951259006f,17188900,0.171889,5000.0,Regular
2023-07-24T16:06:30.628Z,XBTUSD,Buy,26200,29088.5,ZeroPlusTick,e80482db-f710-ef66-89d8-da2378257b8e,90069836,0.90069836,26200.0,Regular
2023-07-24T16:06:30.924Z,XBTUSD,Buy,100,29090.0,PlusTick,68c84244-6d1a-c291-1b47-130fb2a10431,343761,0.00343761,100.0,Regular
2023-07-24T16:06:31.634Z,XBTUSD,Buy,1800,29092.0,PlusTick,20633d2a-10fa-67ee-39a0-12d07eecddfd,6187266,0.06187266,1800.0,Regular
2023-07-24T16:06:31.638Z,XBTUSD,Buy,4900,29092.0,ZeroPlusTick,84b87443-a2e0-b926-4db1-ee17c2b376c6,16843113,0.16843113,4900.0,Regular
2023-07-24T16:06:35.215Z,XBTUSD,Buy,400,29095.5,PlusTick,651a2801-9cfa-5043-ffff-779c84fec742,1374784,0.01374784,400.0,Regular
2023-07-24T16:06:50.451Z,XBTUSD,Sell,11800,29095.0,MinusTick,33de3a96-ce6e-9666-6731-44c89fb8c29d,40556836,0.40556836,11800.0,Regular
2023-07-24T16:06:50.451Z,XBTUSD,Sell,200,29095.0,ZeroMinusTick,41398a45-05dd-987e-497f-929384f94bee,687404,0.00687404,200.0,Regular
2023-07-24T16:06:50.451Z,XBTUSD,Sell,1900,29095.0,ZeroMinusTick,35340140-1813-d556-d795-78916ea2335b,6530338,0.06530338,1900.0,Regular
2023-07-24T16:06:50.451Z,XBTUSD,Sell,200,29095.0,ZeroMinusTick,87fffa69-ccf0-fc4a-ee4d-24bd83b010fe,687404,0.00687404,200.0,Regular
2023-07-24T16:06:51.770Z,XBTUSD,Sell,100,29092.0,MinusTick,6302cf88-9edc-9006-0726-3dfec808b89a,343737,0.00343737,100.0,Regular
2023-07-24T16:06:59.892Z,XBTUSD,Sell,100,29085.0,MinusTick,db67df2c-6d6e-e3ea-966c-6a203411fa6f,343820,0.0034382,100.0,Regular
2023-07-24T16:07:01.294Z,XBTUSD,Sell,1100,29084.0,MinusTick,92a04773-3f30-ce48-ca79-85fd60589ef4,3782152,0.03782152,1100.0,Regular
2023-07-24T16:07:01.632Z,XBTUSD,Sell,10000,29082.0,MinusTick,dc7f5dbb-6162-f52e-6e67-2e7c65815be9,34385500,0.343855,10000.0,Regular
2023-07-24T16:07:01.676Z,XBTUSD,Sell,1000,29081.0,MinusTick,ba17fac8-a746-603b-b4c4-bfcba7c3d522,3438670,0.0343867,1000.0,Regular
2023-07-24T16:07:01.706Z,XBTUSD,Sell,100,29080.0,MinusTick,2944bd4f-b7bd-9a4a-e865-25669b7c42df,343879,0.00343879,100.0,Regular
2023-07-24T16:07:03.544Z,XBTUSD,Sell,100,29078.0,MinusTick,2fc2eece-6dab-d8ed-6595-5282a57ccd19,343903,0.00343903,100.0,Regular
2023-07-24T16:07:03.686Z,XBTUSD,Sell,1200,29076.5,MinusTick,9a2806f9-dcde-5baf-e6d7-cca81599975e,4127040,0.0412704,1200.0,Regular
2023-07-24T16:07:08.006Z,XBTUSD,Sell,100,29075.0,MinusTick,4f98463f-cd75-aba4-e507-d4ddeb35d798,343938,0.00343938,100.0,Regular
2023-07-24T16:07:08.006Z,XBTUSD,Sell,100,29075.0,ZeroMinusTick,9b1d511d-3fb1-71ec-d1a5-e29afe27122c,343938,0.00343938,100.0,Regular
2023-07-24T16:07:08.006Z,XBTUSD,Sell,2900,29075.0,ZeroMinusTick,eb20c18a-6c96-0592-ca92-520270440166,9974202,0.09974202,2900.0,Regular
2023-07-24T16:07:08.006Z,XBTUSD,Sell,1000,29075.0,ZeroMinusTick,512bb867-1cc2-0244-a55c-543fe046d15f,3439380,0.0343938,1000.0,Regular
2023-07-24T16:07:17.743Z,XBTUSD,Sell,100,29072.0,MinusTick,8e9e0aa8-fe81-bcea-ec3e-e6657455c0af,343974,0.00343974,100.0,Regular
2023-07-24T16:07:17.743Z,XBTUSD,Sell,1000,29072.0,ZeroMinusTick,887d3b4f-f881-5712-fa8f-61a2d27d2134,3439740,0.0343974,1000.0,Regular
2023-07-24T16:07:17.743Z,XBTUSD,Sell,10000,29072.0,ZeroMinusTick,2be5224d-fe81-5ae0-5152-6cd00403daba,34397400,0.343974,10000.0,Regular
2023-07-24T16:07:18.155Z,XBTUSD,Sell,100,29070.0,MinusTick,06e97368-0683-960e-e0d5-7296fc39fcdc,343997,0.00343997,100.0,Regular
2023-07-24T16:07:28.868Z,XBTUSD,Buy,100,29068.0,MinusTick,4303ed8c-679c-a56d-150b-2c18855fe6e7,344021,0.00344021,100.0,Regular
2023-07-24T16:07:28.868Z,XBTUSD,Buy,200,29068.0,ZeroMinusTick,9b3af88a-accc-8802-d80d-2dd8b79be2fb,688042,0.00688042,200.0,Regular
2023-07-24T16:07:28.868Z,XBTUSD,Buy,500,29068.0,ZeroMinusTick,fdb6a3e9-d487-f111-829c-a56fee99cca4,1720105,0.01720105,500.0,Regular
2023-07-24T16:07:28.868Z,XBTUSD,Buy,100,29068.0,ZeroMinusTick,5c59a696-073f-0c87-bbb4-e778bfadedd2,344021,0.00344021,100.0,Regular
2023-07-24T16:07:28.868Z,XBTUSD,Buy,300,29068.0,ZeroMinusTick,53b76817-a82b-a490-dac6-78a01dcccfa2,1032063,0.01032063,300.0,Regular
2023-07-24T16:07:28.876Z,XBTUSD,Buy,900,29068.0,ZeroMinusTick,a45c404c-50f1-3c86-7162-9ff997ebef1d,3096189,0.03096189,900.0,Regular
2023-07-24T16:07:29.538Z,XBTUSD,Buy,100,29071.0,PlusTick,03183dac-f978-4218-68ea-3b74b9d1e2e9,343985,0.00343985,100.0,Regular
2023-07-24T16:07:29.538Z,XBTUSD,Buy,1800,29071.5,PlusTick,3160424f-eaae-0126-8bbf-1f537a0d279d,6191622,0.06191622,1800.0,Regular
2023-07-24T16:07:29.538Z,XBTUSD,Buy,1500,29071.5,ZeroPlusTick,bcc6e293-7386-5820-85ac-84177d6c63f7,5159685,0.05159685,1500.0,Regular
2023-07-24T16:07:29.538Z,XBTUSD,Buy,1800,29072.0,PlusTick,7244de34-6cad-9b1a-8ccc-66376163d827,6191532,0.06191532,1800.0,Regular
2023-07-24T16:07:29.538Z,XBTUSD,Buy,300,29073.0,PlusTick,7eccd8f6-ab76-11d5-9a0f-377fb81cc095,1031886,0.01031886,300.0,Regular
2023-07-24T16:07:29.538Z,XBTUSD,Buy,14500,29073.0,ZeroPlusTick,c94d83b3-b34c-34a5-4dff-976720eb20ca,49874490,0.4987449,14500.0,Regular
2023-07-24T16:07:31.296Z,XBTUSD,Buy,4400,29074.5,PlusTick,146c0aa8-0a64-f1d4-cf1c-a3452ab6fab7,15133536,0.15133536,4400.0,Regular
2023-07-24T16:07:39.884Z,XBTUSD,Buy,700,29075.0,PlusTick,fafc438f-2b97-cfc5-eb44-b7e2f5f4a45c,2407566,0.02407566,700.0,Regular
2023-07-24T16:07:39.894Z,XBTUSD,Buy,6000,29075.0,ZeroPlusTick,dd43b0a8-4baf-3d8f-135c-2d6f1528423a,20636280,0.2063628,6000.0,Regular
2023-07-24T16:07:39.894Z,XBTUSD,Buy,100,29075.0,ZeroPlusTick,da5dc943-22fb-4efe-66e0-3a54d9483ebb,343938,0.00343938,100.0,Regular
2023-07-24T16:07:39.894Z,XBTUSD,Buy,100,29075.0,ZeroPlusTick,7257f1db-a293-782f-a486-4a74cc13216d,343938,0.00343938,100.0,Regular
2023-07-24T16:07:44.696Z,XBTUSD,Sell,500,29078.0,PlusTick,6e32d5a4-dae6-ffd6-f9cd-92fb37b329c8,1719515,0.01719515,500.0,Regular
2023-07-24T16:07:44.696Z,XBTUSD,Sell,100,29078.0,ZeroPlusTick,c243bab6-d969-3303-6c7c-ff66d28665b0,343903,0.00343903,100.0,Regular
2023-07-24T16:07:44.696Z,XBTUSD,Sell,700,29078.0,ZeroPlusTick,ccaf8663-c7dc-7795-7898-f37523b2fb64,2407321,0.02407321,700.0,Regular
2023-07-24T16:07:46.088Z,XBTUSD,Sell,5000,29075.0,MinusTick,4aade079-6064-5f5f-98cd-b7d211ebdb92,17196900,0.171969,5000.0,Regular
2023-07-24T16:08:01.205Z,XBTUSD,Sell,200,29074.5,MinusTick,0c82e032-5c31-001e-78b8-b36a0e835784,687888,0.00687888,200.0,Regular
2023-07-24T16:08:03.850Z,XBTUSD,Sell,5000,29073.5,MinusTick,91e7749b-9039-013b-9a9c-1a1bef1bf3de,17197800,0.171978,5000.0,Regular
2023-07-24T16:08:03.850Z,XBTUSD,Sell,2900,29073.5,ZeroMinusTick,b33ff430-9ce1-d8d1-3e3a-35ad57651c51,9974724,0.09974724,2900.0,Regular
2023-07-24T16:08:03.855Z,XBTUSD,Sell,2100,29073.5,ZeroMinusTick,d9f17331-bd01-053b-7d7b-f2208ac58dc4,7223076,0.07223076,2100.0,Regular
2023-07-24T16:08:03.855Z,XBTUSD,Sell,7800,29073.5,ZeroMinusTick,0a996a00-61c5-5a3a-585e-268fb6c18037,26828568,0.26828568,7800.0,Regular
2023-07-24T16:08:05.235Z,XBTUSD,Sell,100,29070.0,MinusTick,93dbe0ca-34ef-588f-8e34-89bd13820d1e,343997,0.00343997,100.0,Regular
2023-07-24T16:08:06.928Z,XBTUSD,Sell,5000,29069.5,MinusTick,5b169371-aff8-a19c-d396-1a0e3d1805c1,17200150,0.1720015,5000.0,Regular
2023-07-24T16:08:06.935Z,XBTUSD,Sell,200,29069.5,ZeroMinusTick,76f91c71-4342-4c6d-744b-fad3735e31cf,688006,0.00688006,200.0,Regular
2023-07-24T16:08:07.974Z,XBTUSD,Sell,5000,29069.0,MinusTick,79f26bb0-39ef-ff06-689a-1cb234f26ed1,17200450,0.1720045,5000.0,Regular
2023-07-24T16:08:08.002Z,XBTUSD,Sell,5000,29068.0,MinusTick,13566364-c13d-7025-f429-919336e5972b,17201050,0.1720105,5000.0,Regular
2023-07-24T16:08:16.824Z,XBTUSD,Buy,100,29067.5,MinusTick,a0ccf46b-32ef-a8eb-d3a3-cd64a225042d,344027,0.00344027,100.0,Regular
2023-07-24T16:08:16.824Z,XBTUSD,Buy,200,29067.5,ZeroMinusTick,9f3b81ef-0626-4de5-4096-afe3717e2054,688054,0.00688054,200.0,Regular
2023-07-24T16:08:16.824Z,XBTUSD,Buy,100,29067.5,ZeroMinusTick,94929001-fa68-85d3-6252-6e9275a76f66,344027,0.00344027,100.0,Regular
2023-07-24T16:08:16.824Z,XBTUSD,Buy,400,29067.5,ZeroMinusTick,306921c6-fe2c-510d-44a0-fd759bb948bc,1376108,0.01376108,400.0,Regular
2023-07-24T16:08:16.824Z,XBTUSD,Buy,100,29067.5,ZeroMinusTick,748e16fc-3a6f-3b2f-40c5-671d8c42e419,344027,0.00344027,100.0,Regular
2023-07-24T16:08:16.871Z,XBTUSD,Buy,1100,29069.5,PlusTick,01aba630-1ec8-5e89-57ec-ff5226dc14c8,3784033,0.03784033,1100.0,Regular
2023-07-24T16:08:16.871Z,XBTUSD,Buy,1100,29069.5,ZeroPlusTick,c970057f-4771-ea59-2aef-a1c83c58c10c,3784033,0.03784033,1100.0,Regular
2023-07-24T16:08:16.943Z,XBTUSD,Buy,100,29070.5,PlusTick,6fac4eae-f177-1787-ac90-c2bab15ec605,343991,0.00343991,100.0,Regular
2023-07-24T16:08:19.859Z,XBTUSD,Buy,2000,29074.0,PlusTick,7847432a-af67-2f78-5154-1ed3ca9b19bb,6879000,0.06879,2000.0,Regular
2023-07-24T16:08:36.901Z,XBTUSD,Buy,100,29074.0,ZeroPlusTick,9be33e97-47ab-0245-b32e-23c3fbb848e0,343950,0.0034395,100.0,Regular
2023-07-24T16:08:36.901Z,XBTUSD,Buy,100,29074.0,ZeroPlusTick,437d9beb-bea9-1751-c721-57b7cf266d50,343950,0.0034395,100.0,Regular
2023-07-24T16:08:36.901Z,XBTUSD,Buy,300,29074.0,ZeroPlusTick,f7c321b4-d8d1-e79e-52d9-5b82428ff600,1031850,0.0103185,300.0,Regular
2023-07-24T16:08:36.901Z,XBTUSD,Buy,200,29074.0,ZeroPlusTick,500c6f0e-59e0-125c-3175-86ebee42e52d,687900,0.006879,200.0,Regular
2023-07-24T16:08:36.901Z,XBTUSD,Buy,300,29075.0,PlusTick,901ec927-62ff-557b-04a3-4e7c644f9021,1031814,0.01031814,300.0,Regular
2023-07-24T16:08:36.901Z,XBTUSD,Buy,2200,29076.0,PlusTick,06542f0a-aefb-36b0-7351-e4ab102bea23,7566372,0.07566372,2200.0,Regular
2023-07-24T16:08:36.905Z,XBTUSD,Buy,12400,29077.0,PlusTick,c85384fe-d301-8c0e-f35a-ff4670decc96,42645336,0.42645336,12400.0,Regular
2023-07-24T16:08:36.905Z,XBTUSD,Buy,48300,29077.0,ZeroPlusTick,fa3bb8c1-3857-8849-f9a1-0f16c4cba2a5,166110462,1.66110462,48300.0,Regular
2023-07-24T16:08:36.905Z,XBTUSD,Buy,1200,29077.0,ZeroPlusTick,bc71e31b-b72a-8a7d-6d82-552dcb9baeae,4126968,0.04126968,1200.0,Regular
2023-07-24T16:08:38.690Z,XBTUSD,Buy,100,29078.5,PlusTick,f37d2bf5-0ae9-2e38-b7b1-2b7531d3545e,343897,0.00343897,100.0,Regular
2023-07-24T16:08:38.690Z,XBTUSD,Buy,1900,29078.5,ZeroPlusTick,1f968c32-b19d-a2b0-8bd6-f5aebf3820f6,6534043,0.06534043,1900.0,Regular
2023-07-24T16:08:45.046Z,XBTUSD,Buy,100,29078.5,ZeroPlusTick,08afe20b-52ed-1a03-b2c5-5eecceb44dd4,343897,0.00343897,100.0,Regular
2023-07-24T16:08:49.917Z,XBTUSD,Sell,300,29080.5,PlusTick,2779e102-f5ac-0b22-d62b-232861668f39,1031619,0.01031619,300.0,Regular
2023-07-24T16:09:09.741Z,XBTUSD,Sell,100,29081.0,PlusTick,f65ada9c-b0bc-6614-fb2f-511643d4bbc2,343867,0.00343867,100.0,Regular
2023-07-24T16:09:09.741Z,XBTUSD,Sell,300,29081.0,ZeroPlusTick,1db4491b-5c71-caae-38c6-3e60a26007bc,1031601,0.01031601,300.0,Regular
2023-07-24T16:09:09.741Z,XBTUSD,Sell,1900,29081.0,ZeroPlusTick,11b52945-da55-e2d7-dba1-b5d2048e04b6,6533473,0.06533473,1900.0,Regular
2023-07-24T16:09:09.741Z,XBTUSD,Sell,11900,29081.0,ZeroPlusTick,b4a5805e-4127-2d29-d337-c468b82e9e4f,40920173,0.40920173,11900.0,Regular
2023-07-24T16:09:09.745Z,XBTUSD,Sell,5500,29081.0,ZeroPlusTick,659de5f3-aee1-39ec-9a45-f57c1c1abe95,18912685,0.18912685,5500.0,Regular
2023-07-24T16:09:10.024Z,XBTUSD,Sell,5000,29080.5,MinusTick,97f3f9d1-0d92-f57a-f774-efb44d3f63eb,17193650,0.1719365,5000.0,Regular
2023-07-24T16:09:11.157Z,XBTUSD,Sell,100,29078.0,MinusTick,d633f37f-92d7-3168-dc57-4694f5d77c6b,343903,0.00343903,100.0,Regular
2023-07-24T16:09:15.683Z,XBTUSD,Buy,1000,29078.0,ZeroMinusTick,ef532b60-90bd-32b4-0db4-c13e2006cfb2,3439030,0.0343903,1000.0,Regular
2023-07-24T16:09:45.403Z,XBTUSD,Sell,5000,29077.5,MinusTick,9672593d-1c16-994a-39b0-5ccbe2add052,17195450,0.1719545,5000.0,Regular
2023-07-24T16:10:06.849Z,XBTUSD,Sell,1000,29077.5,ZeroMinusTick,a13ca4ba-c714-9edc-d7f8-16c6e492791b,3439090,0.0343909,1000.0,Regular
2023-07-24T16:10:06.849Z,XBTUSD,Sell,4300,29077.5,ZeroMinusTick,98835fc4-d8d7-760a-a4a7-2c198876f318,14788087,0.14788087,4300.0,Regular
2023-07-24T16:10:06.849Z,XBTUSD,Sell,500,29077.5,ZeroMinusTick,8b68def9-fecd-206a-16f0-13147343a927,1719545,0.01719545,500.0,Regular
2023-07-24T16:10:06.849Z,XBTUSD,Sell,100,29077.5,ZeroMinusTick,e1c7a45f-d60e-a390-c65d-ce38f375157e,343909,0.00343909,100.0,Regular
2023-07-24T16:10:06.849Z,XBTUSD,Sell,100,29077.5,ZeroMinusTick,b167a8a6-b5ed-0722-0ae3-e24269f0e4a1,343909,0.00343909,100.0,Regular
2023-07-24T16:10:06.849Z,XBTUSD,Sell,5000,29077.5,ZeroMinusTick,2b153ecc-78a1-c000-504b-f7c15995bb7e,17195450,0.1719545,5000.0,Regular
2023-07-24T16:10:06.849Z,XBTUSD,Sell,100,29077.5,ZeroMinusTick,7f161d98-b5ea-62fb-bddc-009186e9ce06,343909,0.00343909,100.0,Regular
2023-07-24T16:10:06.849Z,XBTUSD,Sell,1100,29077.5,ZeroMinusTick,80da4afc-2388-301e-f358-01f054637011,3782999,0.03782999,1100.0,Regular
2023-07-24T16:10:06.849Z,XBTUSD,Sell,200,29077.5,ZeroMinusTick,ae1a53ae-a805-e139-d4bb-9fafcdabdd98,687818,0.00687818,200.0,Regular
2023-07-24T16:10:06.930Z,XBTUSD,Sell,100,29075.0,MinusTick,f0d86b77-4a8e-3733-b5ee-ec34a43db091,343938,0.00343938,100.0,Regular
2023-07-24T16:10:08.110Z,XBTUSD,Sell,1000,29073.5,MinusTick,7f995df8-63e0-762e-185b-80fa2145b5d8,3439560,0.0343956,1000.0,Regular
2023-07-24T16:10:09.528Z,XBTUSD,Sell,100,29070.5,MinusTick,fc134e6f-c940-bfca-4d3a-20d7db577eae,343991,0.00343991,100.0,Regular
2023-07-24T16:10:09.528Z,XBTUSD,Sell,100,29070.5,ZeroMinusTick,736608eb-118e-b648-7327-3bb7f5ec3780,343991,0.00343991,100.0,Regular
2023-07-24T16:10:09.528Z,XBTUSD,Sell,300,29070.5,ZeroMinusTick,6515ebed-a58e-b60d-70b7-dc852d1af8ae,1031973,0.01031973,300.0,Regular
2023-07-24T16:10:09.528Z,XBTUSD,Sell,1300,29070.5,ZeroMinusTick,72ae3a8f-d0b6-7dc1-e930-10fd0631b538,4471883,0.04471883,1300.0,Regular
2023-07-24T16:10:13.089Z,XBTUSD,Sell,100,29066.5,MinusTick,3b443777-aeb2-85ff-1d7d-cce02338cf83,344039,0.00344039,100.0,Regular
2023-07-24T16:10:24.801Z,XBTUSD,Sell,4900,29066.5,ZeroMinusTick,ce87922a-62cf-9cc5-ecbf-ffe4b5ba0fcc,16857911,0.16857911,4900.0,Regular
2023-07-24T16:10:24.801Z,XBTUSD,Sell,400,29066.5,ZeroMinusTick,460b54a3-28dd-90b0-980f-32c73eac1b37,1376156,0.01376156,400.0,Regular
2023-07-24T16:10:24.801Z,XBTUSD,Sell,16900,29066.5,ZeroMinusTick,a8cb713a-cec3-6fa7-4fbc-7e3d77a82177,58142591,0.58142591,16900.0,Regular
2023-07-24T16:10:26.016Z,XBTUSD,Sell,100,29065.5,MinusTick,bd662671-53d1-650b-2738-41bcae6f16cd,344051,0.00344051,100.0,Regular
2023-07-24T16:10:26.016Z,XBTUSD,Sell,1200,29065.5,ZeroMinusTick,cc8937e8-6cf6-3fa2-98af-d57e2eb3e330,4128612,0.04128612,1200.0,Regular
2023-07-24T16:10:44.399Z,XBTUSD,Sell,4000,29064.0,MinusTick,0e8274fe-94b1-76d6-f819-efe5461e0138,13762720,0.1376272,4000.0,Regular
2023-07-24T16:10:44.399Z,XBTUSD,Sell,300,29064.0,ZeroMinusTick,02a11e0a-f0e4-e625-3857-0bf161d0e322,1032204,0.01032204,300.0,Regular
2023-07-24T16:10:44.399Z,XBTUSD,Sell,100,29064.0,ZeroMinusTick,44bc1487-7ba6-e2ba-25dc-e4124917f068,344068,0.00344068,100.0,Regular
2023-07-24T16:10:44.399Z,XBTUSD,Sell,100,29064.0,ZeroMinusTick,47791815-9556-0a62-dfed-00e277674de9,344068,0.00344068,100.0,Regular
2023-07-24T16:10:44.399Z,XBTUSD,Sell,1000,29064.0,ZeroMinusTick,85201180-fba3-949a-5ee9-f2ee69ce7478,3440680,0.0344068,1000.0,Regular
2023-07-24T16:10:44.415Z,XBTUSD,Sell,100,29063.0,MinusTick,9698cd47-dbf5-9513-58e0-9e00066fda2b,344080,0.0034408,100.0,Regular
2023-07-24T16:10:44.415Z,XBTUSD,Sell,5000,29062.5,MinusTick,7e93c39c-dea9-b714-e2f1-7dc74791f42d,17204300,0.172043,5000.0,Regular
2023-07-24T16:10:44.415Z,XBTUSD,Sell,5000,29062.5,ZeroMinusTick,9f129c89-9773-e84a-4d6e-c886cfa549f2,17204300,0.172043,5000.0,Regular
2023-07-24T16:10:45.578Z,XBTUSD,Sell,100,29060.0,MinusTick,b533de82-77de-0cbf-631d-be650a7eb306,344116,0.00344116,100.0,Regular
2023-07-24T16:10:45.578Z,XBTUSD,Sell,22100,29060.0,ZeroMinusTick,3227d0a8-3e0e-1741-2472-a901298709e3,76049636,0.76049636,22100.0,Regular
2023-07-24T16:10:48.160Z,XBTUSD,Buy,17500,29060.5,PlusTick,63da11be-a78d-c7ab-2b2a-d6cf5816acff,60219250,0.6021925,17500.0,Regular
2023-07-24T16:10:48.160Z,XBTUSD,Buy,900,29060.5,ZeroPlusTick,1517c912-b3fa-ab54-4650-bcf4bb7ede50,3096990,0.0309699,900.0,Regular
2023-07-24T16:10:48.160Z,XBTUSD,Buy,900,29060.5,ZeroPlusTick,7cd21c95-8ed1-1a16-2f8a-c7043e4217f2,3096990,0.0309699,900.0,Regular
2023-07-24T16:10:55.049Z,XBTUSD,Buy,100,29061.0,PlusTick,bc877d6b-b500-fecf-d8db-d06bb1c3a4ad,344104,0.00344104,100.0,Regular
2023-07-24T16:11:19.261Z,XBTUSD,Buy,2300,29061.0,ZeroPlusTick,6db9a6ca-3bfe-5a07-5dc7-3b16e3005952,7914392,0.07914392,2300.0,Regular
2023-07-24T16:11:19.261Z,XBTUSD,Buy,200,29061.0,ZeroPlusTick,b28f0be3-de93-f67d-d710-f989cd352fee,688208,0.00688208,200.0,Regular
2023-07-24T16:11:19.331Z,XBTUSD,Buy,100,29064.0,PlusTick,c99c5da1-d90e-21ad-e024-8fed14ca5041,344068,0.00344068,100.0,Regular
2023-07-24T16:11:34.441Z,XBTUSD,Sell,39000,29068.5,PlusTick,402ac1cf-77b4-6213-cafa-6488b0ccf33b,134165850,1.3416585,39000.0,Regular
2023-07-24T16:11:34.441Z,XBTUSD,Sell,9500,29068.5,ZeroPlusTick,e15b9b93-8874-64dc-bcb3-47f8c1b27141,32681425,0.32681425,9500.0,Regular
2023-07-24T16:11:34.441Z,XBTUSD,Sell,200,29068.5,ZeroPlusTick,add367f3-28a5-29ea-a3c6-1ea44cd265b4,688030,0.0068803,200.0,Regular
2023-07-24T16:11:34.441Z,XBTUSD,Sell,100,29068.5,ZeroPlusTick,4eb6012a-2286-2c30-b268-be9977881a0a,344015,0.00344015,100.0,Regular
2023-07-24T16:11:34.441Z,XBTUSD,Sell,10700,29068.5,ZeroPlusTick,f14b641b-cbc6-b781-4bb6-823309b07e89,36809605,0.36809605,10700.0,Regular
2023-07-24T16:11:34.441Z,XBTUSD,Sell,16200,29068.5,ZeroPlusTick,e1aabc61-a91c-ab23-bf59-45088f4d6c48,55730430,0.5573043,16200.0,Regular
2023-07-24T16:11:38.823Z,XBTUSD,Sell,100,29065.5,MinusTick,cb771475-6705-f762-17fb-5ac9abc2bd6d,344051,0.00344051,100.0,Regular
2023-07-24T16:11:38.823Z,XBTUSD,Sell,4100,29065.5,ZeroMinusTick,66dc1ac4-57f9-914c-b8f1-1866fb1d098b,14106091,0.14106091,4100.0,Regular
2023-07-24T16:11:55.223Z,XBTUSD,Sell,18400,29061.0,MinusTick,2d0dfa75-14ae-f334-dee1-38aa2f79d66e,63315136,0.63315136,18400.0,Regular
2023-07-24T16:11:55.223Z,XBTUSD,Sell,2300,29061.0,ZeroMinusTick,b9f6cb35-18d1-c97e-432b-c92e5e10f687,7914392,0.07914392,2300.0,Regular
2023-07-24T16:11:58.135Z,XBTUSD,Sell,26300,29060.0,MinusTick,065907c2-94ab-7500-b32e-716d10b99b73,90502508,0.90502508,26300.0,Regular
2023-07-24T16:12:11.761Z,XBTUSD,Sell,100,29058.5,MinusTick,eb84f96b-bff3-607e-318a-481242d8d246,344133,0.00344133,100.0,Regular
2023-07-24T16:12:13.785Z,XBTUSD,Sell,100,29053.5,MinusTick,f392bc46-f277-4707-fccf-0614b107919a,344193,0.00344193,100.0,Regular
2023-07-24T16:12:19.837Z,XBTUSD,Sell,100,29053.5,ZeroMinusTick,e6445225-bf97-1fc1-9cb8-c4ba6d825447,344193,0.00344193,100.0,Regular
2023-07-24T16:12:40.789Z,XBTUSD,Buy,100,29054.0,PlusTick,56e6e98c-28c4-c462-c37b-e111d034001d,344187,0.00344187,100.0,Regular
2023-07-24T16:12:40.789Z,XBTUSD,Buy,100,29054.0,ZeroPlusTick,fe8216ef-e171-6180-4a40-a7be6772ea6a,344187,0.00344187,100.0,Regular
2023-07-24T16:12:40.789Z,XBTUSD,Buy,100,29054.0,ZeroPlusTick,d8fb86e5-ebe2-45c0-9b70-c62dc3d0ac92,344187,0.00344187,100.0,Regular
2023-07-24T16:12:40.789Z,XBTUSD,Buy,300,29054.0,ZeroPlusTick,ddad5e02-66fc-4b2b-a0f3-19f35227acdd,1032561,0.01032561,300.0,Regular
2023-07-24T16:12:40.789Z,XBTUSD,Buy,1100,29054.0,ZeroPlusTick,8af8ad34-ec71-0168-0366-20563ad2cb8d,3786057,0.03786057,1100.0,Regular
2023-07-24T16:12:40.789Z,XBTUSD,Buy,1800,29054.0,ZeroPlusTick,24aad888-fd3c-94f0-cb6b-e5393042a316,6195366,0.06195366,1800.0,Regular
2023-07-24T16:12:40.789Z,XBTUSD,Buy,1300,29054.0,ZeroPlusTick,9bec8419-9d64-e9c3-0ca0-f578626700db,4474431,0.04474431,1300.0,Regular
2023-07-24T16:12:40.789Z,XBTUSD,Buy,300,29054.0,ZeroPlusTick,95463b17-f5e8-bd32-f2dd-a02c9bc73f6a,1032561,0.01032561,300.0,Regular
2023-07-24T16:12:42.545Z,XBTUSD,Buy,100,29059.5,PlusTick,538c4a6d-a49d-d6e0-ca41-6cd56cf620c8,344122,0.00344122,100.0,Regular
2023-07-24T16:12:42.545Z,XBTUSD,Buy,200,29062.0,PlusTick,d19b848d-fe1a-08bc-2c0e-1cef2a7d8d3c,688184,0.00688184,200.0,Regular
2023-07-24T16:12:42.545Z,XBTUSD,Buy,300,29062.5,PlusTick,049db7ac-a04b-37e9-208d-fcf8c5eeea62,1032258,0.01032258,300.0,Regular
2023-07-24T16:12:42.545Z,XBTUSD,Buy,900,29063.0,PlusTick,52a26ebe-3467-ea32-d5a4-66ede8dc8edb,3096720,0.0309672,900.0,Regular
2023-07-24T16:12:49.734Z,XBTUSD,Buy,100,29060.0,MinusTick,d02fab72-f4f0-7b51-6111-22dc7e36e897,344116,0.00344116,100.0,Regular
2023-07-24T16:13:22.836Z,XBTUSD,Buy,400,29060.0,ZeroMinusTick,7fe4fc65-e846-5eef-42d7-15471964a47e,1376464,0.01376464,400.0,Regular
2023-07-24T16:13:22.836Z,XBTUSD,Buy,100,29060.0,ZeroMinusTick,ef585d59-2e40-953e-cdba-86adb07f43af,344116,0.00344116,100.0,Regular
2023-07-24T16:13:22.836Z,XBTUSD,Buy,400,29060.0,ZeroMinusTick,4e3a5df4-72af-02ed-a30f-aadf20a56ce2,1376464,0.01376464,400.0,Regular
2023-07-24T16:13:22.836Z,XBTUSD,Buy,100,29060.0,ZeroMinusTick,4b5e771c-ca26-891c-0675-40d48740581e,344116,0.00344116,100.0,Regular
2023-07-24T16:13:22.836Z,XBTUSD,Buy,200,29060.0,ZeroMinusTick,5434d369-f963-a928-2f62-03f925a42ae9,688232,0.00688232,200.0,Regular
2023-07-24T16:13:22.850Z,XBTUSD,Buy,300,29062.0,PlusTick,51cc6d70-5607-52ba-fe06-0dcb64a56f01,1032276,0.01032276,300.0,Regular
2023-07-24T16:13:22.850Z,XBTUSD,Buy,5000,29062.0,ZeroPlusTick,2b091279-ddcc-31c9-9475-6459846e825b,17204600,0.172046,5000.0,Regular
2023-07-24T16:13:22.850Z,XBTUSD,Buy,200,29062.0,ZeroPlusTick,8bc1bfda-ca9b-f55b-4820-e2024af19282,688184,0.00688184,200.0,Regular
2023-07-24T16:13:22.850Z,XBTUSD,Buy,8800,29062.5,PlusTick,fdab82af-552f-f965-cd37-2246108b781d,30279568,0.30279568,8800.0,Regular
2023-07-24T16:13:22.850Z,XBTUSD,Buy,2300,29062.5,ZeroPlusTick,53e4c8bd-2132-a767-06ef-8ddea4634dd2,7913978,0.07913978,2300.0,Regular
2023-07-24T16:13:22.921Z,XBTUSD,Buy,100,29063.0,PlusTick,8cde0fba-a0e0-36c2-1f2f-1a7162713871,344080,0.0034408,100.0,Regular
2023-07-24T16:13:22.950Z,XBTUSD,Buy,300,29063.5,PlusTick,05a1d780-abb1-cc4c-a973-5a889c8b3cb8,1032222,0.01032222,300.0,Regular
2023-07-24T16:13:29.732Z,XBTUSD,Buy,100,29066.0,PlusTick,d35178b5-2b77-6867-e915-06508bafcb6c,344045,0.00344045,100.0,Regular
2023-07-24T16:13:29.732Z,XBTUSD,Buy,100,29066.0,ZeroPlusTick,74e367fc-76fc-9db3-5867-c689d7a08847,344045,0.00344045,100.0,Regular
2023-07-24T16:13:31.357Z,XBTUSD,Buy,100,29069.0,PlusTick,f1fc5828-502a-ce76-795e-40b16fa744f6,344009,0.00344009,100.0,Regular
2023-07-24T16:13:35.442Z,XBTUSD,Buy,1000,29069.0,ZeroPlusTick,4241d807-57a8-40f3-1c77-acc9fc0ec300,3440090,0.0344009,1000.0,Regular
2023-07-24T16:13:39.989Z,XBTUSD,Buy,100,29070.0,PlusTick,13072df5-d8aa-b52f-7175-8beb3cc8ece6,343997,0.00343997,100.0,Regular
2023-07-24T16:13:39.989Z,XBTUSD,Buy,900,29070.0,ZeroPlusTick,011baafb-4fed-fd5a-1aca-bc2f4d857087,3095973,0.03095973,900.0,Regular
2023-07-24T16:13:40.282Z,XBTUSD,Buy,500,29070.0,ZeroPlusTick,aff3efc9-d908-2394-be5c-44e4cef17433,1719985,0.01719985,500.0,Regular
2023-07-24T16:13:40.777Z,XBTUSD,Buy,100,29071.0,PlusTick,59be3310-f6e2-ca80-2765-fd7b86846b73,343985,0.00343985,100.0,Regular
2023-07-24T16:13:42.914Z,XBTUSD,Buy,300,29071.0,ZeroPlusTick,4f5926f8-168c-225a-67e3-eda3a9600dbf,1031955,0.01031955,300.0,Regular
2023-07-24T16:13:43.999Z,XBTUSD,Buy,300,29071.0,ZeroPlusTick,e23dc5f4-a036-b845-ffe2-8ba2b0b85702,1031955,0.01031955,300.0,Regular
2023-07-24T16:13:50.242Z,XBTUSD,Sell,8800,29070.5,MinusTick,294f945c-3e14-6b3a-1e5d-1c5aef5270d6,30271208,0.30271208,8800.0,Regular
2023-07-24T16:13:50.242Z,XBTUSD,Sell,100,29070.5,ZeroMinusTick,435ec426-b7dd-5b9f-136d-31a2d584fd6f,343991,0.00343991,100.0,Regular
2023-07-24T16:13:50.242Z,XBTUSD,Sell,100,29070.5,ZeroMinusTick,85de439a-0b0c-a734-8e02-84dfafa3d70a,343991,0.00343991,100.0,Regular
2023-07-24T16:13:50.242Z,XBTUSD,Sell,100,29070.5,ZeroMinusTick,630145e0-e5ad-6ad2-f1f5-fc6b12f10e81,343991,0.00343991,100.0,Regular
2023-07-24T16:13:50.242Z,XBTUSD,Sell,300,29070.5,ZeroMinusTick,2c85a80b-f6e7-b590-73e5-d030a565f156,1031973,0.01031973,300.0,Regular
2023-07-24T16:13:50.820Z,XBTUSD,Sell,100,29065.5,MinusTick,96d34c9f-d25e-e67d-bd47-325d1b3387a0,344051,0.00344051,100.0,Regular
2023-07-24T16:13:50.820Z,XBTUSD,Sell,50000,29065.5,ZeroMinusTick,246ef1fb-4951-6640-107b-f55753ebd107,172025500,1.720255,50000.0,Regular
2023-07-24T16:13:52.668Z,XBTUSD,Sell,300,29059.5,MinusTick,9f279e51-cf1b-05ce-9255-177e43b1a61b,1032366,0.01032366,300.0,Regular
2023-07-24T16:14:08.827Z,XBTUSD,Buy,200,29060.0,PlusTick,a2ce3ba2-d41a-5a00-0193-6e20ae3d512d,688232,0.00688232,200.0,Regular
2023-07-24T16:14:08.827Z,XBTUSD,Buy,100,29060.0,ZeroPlusTick,c0028438-f16c-b487-11f2-b5083b69caae,344116,0.00344116,100.0,Regular
2023-07-24T16:14:08.827Z,XBTUSD,Buy,700,29061.0,PlusTick,ec46c355-a7ce-943f-aa51-1584e2397a20,2408728,0.02408728,700.0,Regular
2023-07-24T16:14:15.282Z,XBTUSD,Buy,1200,29061.5,PlusTick,8bb741b8-6d5f-da46-79d2-5a1705f6e25b,4129176,0.04129176,1200.0,Regular
2023-07-24T16:14:15.282Z,XBTUSD,Buy,100,29061.5,ZeroPlusTick,5e79dedc-f2e4-e2aa-f5d8-49b3710956f9,344098,0.00344098,100.0,Regular
2023-07-24T16:14:15.282Z,XBTUSD,Buy,100,29063.0,PlusTick,e7146809-c8b4-4fe8-3d34-b5bdb7324822,344080,0.0034408,100.0,Regular
2023-07-24T16:14:15.282Z,XBTUSD,Buy,3600,29063.5,PlusTick,89f18cfa-bdfe-c296-668b-e782d7b9caf5,12386664,0.12386664,3600.0,Regular
2023-07-24T16:14:46.419Z,XBTUSD,Sell,100,29063.5,ZeroPlusTick,13d92023-673e-1bc4-cfe5-e3b2d37bba7d,344074,0.00344074,100.0,Regular
2023-07-24T16:14:46.419Z,XBTUSD,Sell,2300,29063.5,ZeroPlusTick,0ea33396-62ea-d791-6837-e915e000d65e,7913702,0.07913702,2300.0,Regular
2023-07-24T16:14:46.419Z,XBTUSD,Sell,100,29063.5,ZeroPlusTick,38952252-bdf1-7105-0b62-aef9d5e76f4b,344074,0.00344074,100.0,Regular
2023-07-24T16:14:46.419Z,XBTUSD,Sell,200,29063.5,ZeroPlusTick,7dcb5fed-bc04-84f6-a41a-0ae28d2c29e1,688148,0.00688148,200.0,Regular
2023-07-24T16:14:46.419Z,XBTUSD,Sell,100,29063.5,ZeroPlusTick,618153e9-8c00-0ee2-4997-5c1bf63c4178,344074,0.00344074,100.0,Regular
2023-07-24T16:14:46.419Z,XBTUSD,Sell,300,29063.5,ZeroPlusTick,6d7a18f2-ce20-ad0f-00b6-864602e9ce55,1032222,0.01032222,300.0,Regular
2023-07-24T16:14:46.419Z,XBTUSD,Sell,1200,29063.5,ZeroPlusTick,9c8e4639-bf78-1d0e-db1c-343a9a074a27,4128888,0.04128888,1200.0,Regular
2023-07-24T16:14:46.456Z,XBTUSD,Sell,5000,29063.0,MinusTick,43341de9-86d5-1e5c-3a6c-ce2bc5e8750b,17204000,0.17204,5000.0,Regular
2023-07-24T16:14:46.456Z,XBTUSD,Sell,3000,29063.0,ZeroMinusTick,49b9b39b-be1c-e192-4422-1d262555c044,10322400,0.103224,3000.0,Regular
2023-07-24T16:15:10.784Z,XBTUSD,Sell,300,29061.0,MinusTick,eb83f953-7e85-34b0-9b4f-b2b41a6767a0,1032312,0.01032312,300.0,Regular
2023-07-24T16:15:11.171Z,XBTUSD,Sell,700,29061.0,ZeroMinusTick,693aff99-611c-37c3-5b74-6d583b46d402,2408728,0.02408728,700.0,Regular
2023-07-24T16:15:11.171Z,XBTUSD,Sell,500,29061.0,ZeroMinusTick,6534d69a-da10-5ee3-84ee-e578e0a52fe6,1720520,0.0172052,500.0,Regular
2023-07-24T16:15:11.171Z,XBTUSD,Sell,300,29061.0,ZeroMinusTick,8257791d-2f12-7aa8-b9a0-aacaced4c31e,1032312,0.01032312,300.0,Regular
2023-07-24T16:15:11.181Z,XBTUSD,Sell,200,29060.0,MinusTick,164e1eba-f9aa-14a4-4299-31f5951fa77d,688232,0.00688232,200.0,Regular
2023-07-24T16:15:11.181Z,XBTUSD,Sell,100,29060.0,ZeroMinusTick,a8c6cf03-2c0d-c946-505c-971a9ebcddff,344116,0.00344116,100.0,Regular
2023-07-24T16:15:11.193Z,XBTUSD,Sell,1700,29059.5,MinusTick,737663cd-9db3-ab60-982f-ff49d5a01f00,5850074,0.05850074,1700.0,Regular
2023-07-24T16:15:11.209Z,XBTUSD,Sell,300,29057.0,MinusTick,af3e25d3-659f-7dbe-c77e-60e8f733d4ba,1032453,0.01032453,300.0,Regular
2023-07-24T16:15:11.209Z,XBTUSD,Sell,100,29056.5,MinusTick,02ea0964-e5ba-1581-d545-0bfae5435307,344157,0.00344157,100.0,Regular
2023-07-24T16:15:11.209Z,XBTUSD,Sell,300,29056.5,ZeroMinusTick,bee8183e-05c2-fafb-7c3f-901c0af43445,1032471,0.01032471,300.0,Regular
2023-07-24T16:15:11.209Z,XBTUSD,Sell,1900,29056.5,ZeroMinusTick,8f1071b2-b789-62e7-bc17-da6b93f8f05e,6538983,0.06538983,1900.0,Regular
2023-07-24T16:15:11.842Z,XBTUSD,Sell,200,29055.0,MinusTick,08720cc9-83ff-dc4b-41ca-a54e7d40783c,688350,0.0068835,200.0,Regular
2023-07-24T16:15:19.645Z,XBTUSD,Buy,100,29054.0,MinusTick,695943cd-49dd-da15-5e35-340a279ea87b,344187,0.00344187,100.0,Regular
2023-07-24T16:15:20.693Z,XBTUSD,Sell,200,29053.5,MinusTick,e9ef4337-68e7-275f-6402-2b16cf56507d,688386,0.00688386,200.0,Regular
2023-07-24T16:15:20.693Z,XBTUSD,Sell,100,29053.5,ZeroMinusTick,58bb5172-57b3-e9b9-a408-0d9182bc3437,344193,0.00344193,100.0,Regular
2023-07-24T16:15:21.947Z,XBTUSD,Sell,10700,29053.5,ZeroMinusTick,82cf4996-6d75-e533-0eb9-b46da0c81a5c,36828651,0.36828651,10700.0,Regular
2023-07-24T16:15:22.169Z,XBTUSD,Sell,8100,29053.5,ZeroMinusTick,bc3c4f10-3469-496d-ee28-24ec45fb6958,27879633,0.27879633,8100.0,Regular
2023-07-24T16:15:22.169Z,XBTUSD,Sell,100,29053.5,ZeroMinusTick,cd6e46d8-13f3-9546-5e46-1d3d23f4b688,344193,0.00344193,100.0,Regular
2023-07-24T16:15:22.169Z,XBTUSD,Sell,1400,29053.5,ZeroMinusTick,43f01f95-fda9-d5e6-0d8f-7bd1c070a99d,4818702,0.04818702,1400.0,Regular
2023-07-24T16:15:26.594Z,XBTUSD,Sell,2500,29052.0,MinusTick,98e730c9-0309-3613-8ce2-a4b239161a90,8605250,0.0860525,2500.0,Regular
2023-07-24T16:15:26.594Z,XBTUSD,Sell,4800,29052.0,ZeroMinusTick,09c66f1f-ea5e-d1a5-84db-74a451cb1d11,16522080,0.1652208,4800.0,Regular
2023-07-24T16:15:26.603Z,XBTUSD,Sell,100,29050.0,MinusTick,5e8df8f0-85e2-e75a-634e-adc027cf3c8a,344234,0.00344234,100.0,Regular
2023-07-24T16:15:26.603Z,XBTUSD,Sell,22100,29049.0,MinusTick,b77b4cdf-15ec-26a4-8aa6-8c31f707056f,76078366,0.76078366,22100.0,Regular
2023-07-24T16:15:27.333Z,XBTUSD,Sell,300,29049.0,ZeroMinusTick,55dd283b-8380-4ec6-ba37-5c576c699904,1032738,0.01032738,300.0,Regular
2023-07-24T16:15:27.351Z,XBTUSD,Sell,100,29048.0,MinusTick,d954f44a-ea09-3231-6e2c-ca7719f99add,344258,0.00344258,100.0,Regular
2023-07-24T16:15:27.379Z,XBTUSD,Sell,100,29047.0,MinusTick,c310bd79-ffc5-ffbf-4a9e-437481e9c9cb,344270,0.0034427,100.0,Regular
2023-07-24T16:15:35.925Z,XBTUSD,Sell,300,29046.5,MinusTick,8a699ebd-88d0-0cf9-7c77-e25006782fd9,1032828,0.01032828,300.0,Regular
2023-07-24T16:15:35.925Z,XBTUSD,Sell,21900,29046.5,ZeroMinusTick,b146e7b1-479e-4262-9af3-6dd19867226d,75396444,0.75396444,21900.0,Regular
2023-07-24T16:15:37.770Z,XBTUSD,Sell,300,29046.5,ZeroMinusTick,9139ab4e-20bb-6981-cf49-715015de59d7,1032828,0.01032828,300.0,Regular
2023-07-24T16:15:37.770Z,XBTUSD,Sell,2000,29046.5,ZeroMinusTick,d538e190-8f3d-c375-4c66-b54ea8d0ab5a,6885520,0.0688552,2000.0,Regular
2023-07-24T16:15:39.110Z,XBTUSD,Buy,5000,29044.0,MinusTick,5f13326e-7937-8f91-2271-d061dcb56c70,17215250,0.1721525,5000.0,Regular
2023-07-24T16:15:40.562Z,XBTUSD,Buy,300,29044.0,ZeroMinusTick,7b9921d5-b0c9-5258-2751-dcd1953d0e05,1032915,0.01032915,300.0,Regular
2023-07-24T16:15:40.562Z,XBTUSD,Buy,200,29044.0,ZeroMinusTick,da122069-0a91-fa20-4d14-d761e68dc923,688610,0.0068861,200.0,Regular
2023-07-24T16:16:07.006Z,XBTUSD,Sell,100,29043.5,MinusTick,46a0dbaa-355b-2e7e-952a-3f019d25053a,344311,0.00344311,100.0,Regular
2023-07-24T16:16:07.017Z,XBTUSD,Sell,1200,29043.5,ZeroMinusTick,5360f15b-1801-5391-f501-e87edd9a22df,4131732,0.04131732,1200.0,Regular
2023-07-24T16:16:07.017Z,XBTUSD,Sell,300,29043.0,MinusTick,99d388ec-5820-a601-9e65-849242fe1259,1032951,0.01032951,300.0,Regular
2023-07-24T16:16:07.033Z,XBTUSD,Sell,3400,29043.0,ZeroMinusTick,81dcc762-944a-cbc5-d002-fb877cd58665,11706778,0.11706778,3400.0,Regular
2023-07-24T16:16:07.047Z,XBTUSD,Sell,100,29043.0,ZeroMinusTick,6be23a14-3e22-8428-90e5-8de96726af31,344317,0.00344317,100.0,Regular
2023-07-24T16:16:16.912Z,XBTUSD,Sell,1200,29043.0,ZeroMinusTick,6bfe01ad-87f2-3a00-10fa-62199cc75389,4131804,0.04131804,1200.0,Regular
2023-07-24T16:16:16.912Z,XBTUSD,Sell,9700,29043.0,ZeroMinusTick,6e4d5c11-337d-332c-3427-b6daa39a942d,33398749,0.33398749,9700.0,Regular
2023-07-24T16:16:16.912Z,XBTUSD,Sell,100,29043.0,ZeroMinusTick,b4ef146d-b84a-ea16-56eb-824365233fdd,344317,0.00344317,100.0,Regular
2023-07-24T16:16:16.931Z,XBTUSD,Sell,2000,29042.0,MinusTick,e2f3966f-0703-9432-2c1f-a63d95c69ec5,6886580,0.0688658,2000.0,Regular
2023-07-24T16:16:18.843Z,XBTUSD,Sell,100,29040.0,MinusTick,17c688af-605f-6002-6844-655cb2eac4b6,344353,0.00344353,100.0,Regular
2023-07-24T16:16:18.843Z,XBTUSD,Sell,300,29040.0,ZeroMinusTick,6916826a-46f7-6b36-0770-f8bd1a306a89,1033059,0.01033059,300.0,Regular
2023-07-24T16:16:18.843Z,XBTUSD,Sell,100,29040.0,ZeroMinusTick,e542a367-c692-5f7f-3f14-6de800b68eec,344353,0.00344353,100.0,Regular
2023-07-24T16:16:18.892Z,XBTUSD,Sell,100,29038.0,MinusTick,80e0f735-7d4b-111b-b902-6ac88c84bee2,344376,0.00344376,100.0,Regular
2023-07-24T16:16:20.290Z,XBTUSD,Sell,100,29036.5,MinusTick,3474ed60-d9aa-761b-bad9-13da0c154831,344394,0.00344394,100.0,Regular
2023-07-24T16:16:20.290Z,XBTUSD,Sell,200,29036.5,ZeroMinusTick,8d178c31-d8ef-392e-f709-542110e98705,688788,0.00688788,200.0,Regular
2023-07-24T16:16:20.551Z,XBTUSD,Sell,300,29036.5,ZeroMinusTick,3a8e2f85-1091-9150-10dc-9ae6d74c9c62,1033182,0.01033182,300.0,Regular
2023-07-24T16:16:21.119Z,XBTUSD,Sell,1900,29036.5,ZeroMinusTick,dca5ea39-453c-71ac-1ee1-046bed9dea85,6543486,0.06543486,1900.0,Regular
2023-07-24T16:16:21.119Z,XBTUSD,Sell,300,29036.5,ZeroMinusTick,e46558c9-a05a-a260-fc2d-0634a45ff9ec,1033182,0.01033182,300.0,Regular
2023-07-24T16:16:26.953Z,XBTUSD,Sell,1500,29032.0,MinusTick,6e539974-b833-225e-6a90-b8fd542b91c5,5166720,0.0516672,1500.0,Regular
2023-07-24T16:16:28.749Z,XBTUSD,Sell,100,29031.5,MinusTick,e201e1e5-f19d-eb33-d441-10fda1b5d9e8,344453,0.00344453,100.0,Regular
2023-07-24T16:16:30.227Z,XBTUSD,Sell,100,29029.0,MinusTick,8fd1a2c0-baa1-6ca0-ae9f-f6f8cba664d7,344483,0.00344483,100.0,Regular
2023-07-24T16:16:30.227Z,XBTUSD,Sell,100,29029.0,ZeroMinusTick,4bcd7424-3fd7-15ad-12b6-2de2be0c1776,344483,0.00344483,100.0,Regular
2023-07-24T16:16:35.381Z,XBTUSD,Sell,100,29025.0,MinusTick,535f9aac-308a-aee7-2e69-bb475498641e,344531,0.00344531,100.0,Regular
2023-07-24T16:16:35.381Z,XBTUSD,Sell,2700,29025.0,ZeroMinusTick,23af7bdf-c676-97ea-fa71-ffa5bf1aec09,9302337,0.09302337,2700.0,Regular
2023-07-24T16:16:35.416Z,XBTUSD,Sell,7300,29025.0,ZeroMinusTick,0c86dab4-093e-585c-a1fd-1dc65959fcc5,25150763,0.25150763,7300.0,Regular
2023-07-24T16:16:37.128Z,XBTUSD,Sell,100,29023.0,MinusTick,53b3f186-9ebc-125c-a056-812fce05d93f,344554,0.00344554,100.0,Regular
2023-07-24T16:16:37.128Z,XBTUSD,Sell,2000,29023.0,ZeroMinusTick,2b3ccd5a-0891-19b2-0693-794fb5bd180d,6891080,0.0689108,2000.0,Regular
2023-07-24T16:16:39.710Z,XBTUSD,Sell,100,29020.5,MinusTick,34dfe774-ad36-e7fb-5ea1-b08364304991,344584,0.00344584,100.0,Regular
2023-07-24T16:16:39.710Z,XBTUSD,Sell,100,29020.5,ZeroMinusTick,92a33af1-ea16-bee2-0d52-01685b3851b8,344584,0.00344584,100.0,Regular
2023-07-24T16:16:39.710Z,XBTUSD,Sell,100,29020.0,MinusTick,f994e463-4ab3-7da0-0a6c-9e5b5eb056ce,344590,0.0034459,100.0,Regular
2023-07-24T16:16:39.710Z,XBTUSD,Sell,200,29020.0,ZeroMinusTick,0ceff434-302c-796c-a830-80aba330b094,689180,0.0068918,200.0,Regular
2023-07-24T16:16:39.710Z,XBTUSD,Sell,100,29017.5,MinusTick,4dd2ee5c-6bd3-7e51-328d-1a81b105a2c1,344620,0.0034462,100.0,Regular
2023-07-24T16:16:41.229Z,XBTUSD,Buy,17500,29017.5,ZeroMinusTick,902e9a7b-7c12-a1ab-8abb-c23a335c639a,60308500,0.603085,17500.0,Regular
2023-07-24T16:16:42.593Z,XBTUSD,Buy,8500,29021.0,PlusTick,cbe9c19b-abac-5200-a6f7-7f994cf74565,29289130,0.2928913,8500.0,Regular
2023-07-24T16:16:42.593Z,XBTUSD,Buy,3900,29021.0,ZeroPlusTick,c453e3af-2c09-3b0d-c2fc-6b00240b5a63,13438542,0.13438542,3900.0,Regular
2023-07-24T16:16:42.593Z,XBTUSD,Buy,35800,29021.0,ZeroPlusTick,ac982660-cfc0-a107-9e04-46e755da0340,123358924,1.23358924,35800.0,Regular
2023-07-24T16:16:42.593Z,XBTUSD,Buy,100,29021.0,ZeroPlusTick,d479b173-3746-b527-a61c-805a296be634,344578,0.00344578,100.0,Regular
2023-07-24T16:16:42.593Z,XBTUSD,Buy,1300,29021.0,ZeroPlusTick,aeba6345-ce07-7243-a6f7-e6f004ca6154,4479514,0.04479514,1300.0,Regular
2023-07-24T16:16:42.593Z,XBTUSD,Buy,2300,29021.0,ZeroPlusTick,447dadb3-bcf4-8e31-2705-99986889b5c2,7925294,0.07925294,2300.0,Regular
2023-07-24T16:16:42.593Z,XBTUSD,Buy,200,29021.0,ZeroPlusTick,ea615102-ddba-0ff1-f4ed-75509247f857,689156,0.00689156,200.0,Regular
2023-07-24T16:16:42.593Z,XBTUSD,Buy,1700,29021.0,ZeroPlusTick,fb8a1bc2-1824-b2fe-acfd-8004a9572d68,5857826,0.05857826,1700.0,Regular
2023-07-24T16:16:42.593Z,XBTUSD,Buy,300,29021.0,ZeroPlusTick,7ce0ff0c-d326-5bff-9811-a7f32a1a8a6f,1033734,0.01033734,300.0,Regular
2023-07-24T16:16:42.593Z,XBTUSD,Buy,100,29021.0,ZeroPlusTick,f5ad0ce9-bf61-d794-77f5-a57f085aa37e,344578,0.00344578,100.0,Regular
2023-07-24T16:16:42.593Z,XBTUSD,Buy,300,29021.0,ZeroPlusTick,eb95dce8-2a34-ab89-4df2-7e2a63d4579b,1033734,0.01033734,300.0,Regular
2023-07-24T16:16:42.607Z,XBTUSD,Buy,24700,29022.0,PlusTick,8af2dbda-6594-af07-2d40-3c12d284f23e,85107802,0.85107802,24700.0,Regular
2023-07-24T16:16:42.609Z,XBTUSD,Buy,31200,29022.0,ZeroPlusTick,4daca92e-fa20-0b8a-73d9-d5e8fe6e3b9d,107504592,1.07504592,31200.0,Regular
2023-07-24T16:16:42.700Z,XBTUSD,Sell,10200,29023.0,PlusTick,544d1bf6-c42e-6d5a-7d4a-89f1e8813354,35144508,0.35144508,10200.0,Regular
2023-07-24T16:16:43.456Z,XBTUSD,Sell,5000,29023.0,ZeroPlusTick,80c2131c-ecf8-aaa9-2b87-9046ce43c550,17227700,0.172277,5000.0,Regular
2023-07-24T16:16:43.519Z,XBTUSD,Buy,1300,29023.5,PlusTick,c179d221-39ff-4153-4079-bdc819aa7bd4,4479124,0.04479124,1300.0,Regular
2023-07-24T16:16:44.592Z,XBTUSD,Buy,100,29029.0,PlusTick,418e03f4-c23e-1ffa-b2cf-5c90dca4d482,344483,0.00344483,100.0,Regular
2023-07-24T16:16:44.592Z,XBTUSD,Buy,300,29029.0,ZeroPlusTick,cbe5633a-b77e-68ec-4de2-9797dde84aa2,1033449,0.01033449,300.0,Regular
2023-07-24T16:16:44.601Z,XBTUSD,Buy,55900,29030.5,PlusTick,cfd095db-34eb-2e0f-99f1-bc956996ac32,192555935,1.92555935,55900.0,Regular
2023-07-24T16:16:46.994Z,XBTUSD,Buy,12400,29034.5,PlusTick,dc2213f2-8747-b282-c34d-904395b2caff,42707832,0.42707832,12400.0,Regular
2023-07-24T16:16:46.994Z,XBTUSD,Buy,300,29034.5,ZeroPlusTick,eba1f6af-7c0c-301c-39fb-f3f23d1b9165,1033254,0.01033254,300.0,Regular
2023-07-24T16:16:46.994Z,XBTUSD,Buy,8800,29034.5,ZeroPlusTick,107685c1-7b4c-d868-dda8-c2ed1148b6df,30308784,0.30308784,8800.0,Regular
2023-07-24T16:16:46.994Z,XBTUSD,Buy,1200,29035.0,PlusTick,b159c4a7-1b81-968d-12d3-29d11505af29,4132944,0.04132944,1200.0,Regular
2023-07-24T16:16:46.994Z,XBTUSD,Buy,100,29035.5,PlusTick,898ec4fe-3502-e7d5-b655-753b7b8da7ab,344406,0.00344406,100.0,Regular
2023-07-24T16:16:46.994Z,XBTUSD,Buy,2100,29035.5,ZeroPlusTick,faef0979-fb80-8515-5932-d4e73d351762,7232526,0.07232526,2100.0,Regular
2023-07-24T16:16:47.004Z,XBTUSD,Buy,2200,29034.5,MinusTick,0fc458ee-db8f-9b78-490c-062e53f47f84,7577196,0.07577196,2200.0,Regular
2023-07-24T16:17:11.915Z,XBTUSD,Sell,600,29037.5,PlusTick,f4a3ce60-e612-e9be-e8f8-2c94b03dbdf1,2066292,0.02066292,600.0,Regular
2023-07-24T16:17:11.915Z,XBTUSD,Sell,15000,29037.5,ZeroPlusTick,5dab1aca-010c-070d-6135-e1b99c37a2d4,51657300,0.516573,15000.0,Regular
2023-07-24T16:17:11.915Z,XBTUSD,Sell,1900,29037.5,ZeroPlusTick,69174cbf-1616-1eae-4ef1-37b670c2c70e,6543258,0.06543258,1900.0,Regular
2023-07-24T16:17:12.290Z,XBTUSD,Sell,5000,29032.0,MinusTick,85e4586e-cbe1-3c37-3350-dba5f43ffb55,17222400,0.172224,5000.0,Regular
2023-07-24T16:17:12.703Z,XBTUSD,Sell,2200,29031.0,MinusTick,cb48b3b0-1c53-9b29-beb4-40a43386b875,7578098,0.07578098,2200.0,Regular
2023-07-24T16:17:12.718Z,XBTUSD,Sell,4500,29031.0,ZeroMinusTick,f9a55bb4-1629-88a7-7608-859c29f40e61,15500655,0.15500655,4500.0,Regular
2023-07-24T16:17:12.718Z,XBTUSD,Sell,100,29031.0,ZeroMinusTick,22850907-af29-7129-4105-5193c3759913,344459,0.00344459,100.0,Regular
2023-07-24T16:17:19.818Z,XBTUSD,Sell,100,29025.5,MinusTick,fe230287-39f8-9aac-b231-52b7cd77ffb1,344525,0.00344525,100.0,Regular
2023-07-24T16:17:19.818Z,XBTUSD,Sell,200,29025.5,ZeroMinusTick,b68b00d9-c78d-6865-8fde-1192a0cd2db2,689050,0.0068905,200.0,Regular
2023-07-24T16:17:19.857Z,XBTUSD,Sell,1200,29025.5,ZeroMinusTick,f2979a93-4ed6-a98f-1b76-944f4c85be34,4134300,0.041343,1200.0,Regular
2023-07-24T16:17:19.881Z,XBTUSD,Buy,5000,29023.0,MinusTick,26abb581-08fa-c444-8181-8fbdfc027156,17227700,0.172277,5000.0,Regular
2023-07-24T16:17:23.646Z,XBTUSD,Sell,100,29022.5,MinusTick,d49d9d7b-7969-ba8a-2937-05ccc88f4ecc,344560,0.0034456,100.0,Regular
2023-07-24T16:17:23.646Z,XBTUSD,Sell,29000,29022.5,ZeroMinusTick,a6ad141f-5dcf-7472-c16a-1c43445b0c87,99922400,0.999224,29000.0,Regular
2023-07-24T16:17:23.888Z,XBTUSD,Sell,100,29019.5,MinusTick,3c5b4d01-9bf9-26f4-7e7b-5184ee4ff25e,344596,0.00344596,100.0,Regular
2023-07-24T16:17:23.972Z,XBTUSD,Sell,5000,29019.5,ZeroMinusTick,9f7274b3-0d82-405e-8b51-7b0d28a19eec,17229800,0.172298,5000.0,Regular
2023-07-24T16:17:25.216Z,XBTUSD,Sell,200,29017.5,MinusTick,f64f1459-d278-8130-9643-29a70f442dbb,689240,0.0068924,200.0,Regular
2023-07-24T16:17:31.309Z,XBTUSD,Buy,300,29018.0,PlusTick,100da360-118a-3c9c-e6ce-1f0bcbb1d957,1033842,0.01033842,300.0,Regular
2023-07-24T16:17:31.309Z,XBTUSD,Buy,400,29018.0,ZeroPlusTick,434a471e-c5b7-ad8c-f55f-0914092d0c97,1378456,0.01378456,400.0,Regular
2023-07-24T16:17:31.309Z,XBTUSD,Buy,100,29018.0,ZeroPlusTick,2ba339bf-cecb-95d3-3031-fb03fab64e49,344614,0.00344614,100.0,Regular
2023-07-24T16:17:36.477Z,XBTUSD,Sell,39000,29020.5,PlusTick,add45419-010a-2829-baa0-b26fdf183907,134387760,1.3438776,39000.0,Regular
2023-07-24T16:17:36.477Z,XBTUSD,Sell,6700,29020.5,ZeroPlusTick,d5eb6345-64f7-ae29-05e8-821f8223d523,23087128,0.23087128,6700.0,Regular
2023-07-24T16:17:36.477Z,XBTUSD,Sell,29000,29019.0,MinusTick,5ae42394-e001-9186-b814-091504ca9afc,99934580,0.9993458,29000.0,Regular
2023-07-24T16:17:36.480Z,XBTUSD,Sell,10000,29019.0,ZeroMinusTick,5bbed89b-9678-5cc6-28e7-a5739e4d92ae,34460200,0.344602,10000.0,Regular
2023-07-24T16:17:40.113Z,XBTUSD,Buy,1200,29017.5,MinusTick,f2ccd07e-387a-ba2a-cab9-d36db16ca5d3,4135440,0.0413544,1200.0,Regular
2023-07-24T16:17:40.113Z,XBTUSD,Buy,3800,29019.5,PlusTick,5790a0dc-0a03-03f5-c5d6-afaa65fcfdfb,13094648,0.13094648,3800.0,Regular
2023-07-24T16:17:44.466Z,XBTUSD,Sell,32100,29019.0,MinusTick,e202add7-20ba-6818-caea-52fc3ece66ab,110617242,1.10617242,32100.0,Regular
2023-07-24T16:17:44.478Z,XBTUSD,Sell,200,29019.0,ZeroMinusTick,3950e7e9-f2c4-8036-a8cd-72de976a807b,689204,0.00689204,200.0,Regular
2023-07-24T16:17:44.478Z,XBTUSD,Sell,73100,29019.0,ZeroMinusTick,acd1fb24-06ab-9ea0-764f-aad5d947549d,251904062,2.51904062,73100.0,Regular
2023-07-24T16:17:44.484Z,XBTUSD,Sell,3100,29019.0,ZeroMinusTick,2261b1ab-5cac-2272-6d1f-cc5067cf0e24,10682662,0.10682662,3100.0,Regular
2023-07-24T16:17:44.484Z,XBTUSD,Sell,39000,29018.0,MinusTick,d10252d7-4740-f884-f680-2e8387a2e0f8,134399460,1.3439946,39000.0,Regular
2023-07-24T16:17:46.053Z,XBTUSD,Buy,200,29018.5,PlusTick,2e5781ca-e2d9-a2db-91fa-ada7272fda91,689216,0.00689216,200.0,Regular
2023-07-24T16:17:46.053Z,XBTUSD,Buy,6700,29019.0,PlusTick,02ab00d1-9309-460b-e85e-9c75211b5803,23088334,0.23088334,6700.0,Regular
2023-07-24T16:17:46.053Z,XBTUSD,Buy,100,29019.5,PlusTick,619a7021-c3cb-d3b8-5629-6791d7a681fb,344596,0.00344596,100.0,Regular
2023-07-24T16:17:46.053Z,XBTUSD,Buy,50700,29019.5,ZeroPlusTick,8af8ee09-f294-7e80-e3fb-4899d8f103a7,174710172,1.74710172,50700.0,Regular
2023-07-24T16:17:46.070Z,XBTUSD,Buy,5200,29019.5,ZeroPlusTick,490b8e81-e982-b649-e9a1-bbe4c472472a,17918992,0.17918992,5200.0,Regular
2023-07-24T16:17:46.070Z,XBTUSD,Buy,100,29021.0,PlusTick,b8a126c8-05f9-6f8f-fa5b-6eb5855e079b,344578,0.00344578,100.0,Regular
2023-07-24T16:17:46.070Z,XBTUSD,Buy,300,29022.5,PlusTick,d30037ec-e60d-022a-1a3c-12e0f1e7141f,1033680,0.0103368,300.0,Regular
2023-07-24T16:17:52.034Z,XBTUSD,Buy,5000,29024.0,PlusTick,8d03efe6-a5c0-2776-8952-44e8b9758ac6,17227100,0.172271,5000.0,Regular
2023-07-24T16:17:52.034Z,XBTUSD,Buy,300,29024.0,ZeroPlusTick,7b769f91-c5c8-369a-1abc-4bf2441bc0e7,1033626,0.01033626,300.0,Regular
2023-07-24T16:17:52.051Z,XBTUSD,Buy,16900,29024.5,PlusTick,b8f220d4-3e37-ac5c-0a7a-353a4cee04e4,58226753,0.58226753,16900.0,Regular
2023-07-24T16:17:52.052Z,XBTUSD,Buy,33100,29024.5,ZeroPlusTick,294b4bcd-e8f8-2686-244d-64d99d37b0b5,114041747,1.14041747,33100.0,Regular
2023-07-24T16:17:52.060Z,XBTUSD,Buy,100,29024.5,ZeroPlusTick,828a0184-ecff-aabd-caa7-30b56af1adbb,344537,0.00344537,100.0,Regular
2023-07-24T16:17:52.064Z,XBTUSD,Buy,2200,29024.5,ZeroPlusTick,0ba59c23-fba7-315c-c44d-2f746313484b,7579814,0.07579814,2200.0,Regular
2023-07-24T16:18:01.102Z,XBTUSD,Sell,39000,29028.0,PlusTick,6abfda9d-2a09-397a-b38d-6c8a743c3ecb,134353050,1.3435305,39000.0,Regular
2023-07-24T16:18:01.102Z,XBTUSD,Sell,1200,29028.0,ZeroPlusTick,2bc3838a-0ad0-61f2-baf4-eb47438f1d38,4133940,0.0413394,1200.0,Regular
2023-07-24T16:18:01.102Z,XBTUSD,Sell,300,29028.0,ZeroPlusTick,275a777c-89fd-761c-92c9-9c52422f0ab2,1033485,0.01033485,300.0,Regular
2023-07-24T16:18:01.102Z,XBTUSD,Sell,17900,29028.0,ZeroPlusTick,fd07b3d4-0bba-d951-a127-fd19699bf126,61664605,0.61664605,17900.0,Regular
2023-07-24T16:18:04.406Z,XBTUSD,Sell,100,29025.0,MinusTick,ff5e4b01-44a0-d0e4-57c7-0ada34412c8f,344531,0.00344531,100.0,Regular
2023-07-24T16:18:29.350Z,XBTUSD,Buy,1700,29024.0,MinusTick,16b8dd43-ccb2-317e-4fda-6178cb03f836,5857214,0.05857214,1700.0,Regular
2023-07-24T16:18:29.350Z,XBTUSD,Buy,100,29024.0,ZeroMinusTick,66eda04f-ea14-a2c7-54c6-5c2efef75934,344542,0.00344542,100.0,Regular
2023-07-24T16:18:29.709Z,XBTUSD,Sell,100,29028.0,PlusTick,4d181d3c-ecda-3645-6cf8-0fe5e065318a,344495,0.00344495,100.0,Regular
2023-07-24T16:18:38.293Z,XBTUSD,Buy,3800,29028.5,PlusTick,bdb45658-f938-13f5-7415-9f66e67b7611,13090582,0.13090582,3800.0,Regular
2023-07-24T16:18:38.293Z,XBTUSD,Buy,300,29028.5,ZeroPlusTick,c4a14ac3-4747-33c3-9edc-142ef3385194,1033467,0.01033467,300.0,Regular
2023-07-24T16:18:38.293Z,XBTUSD,Buy,400,29028.5,ZeroPlusTick,887a377f-248a-3971-e724-24c821d8a296,1377956,0.01377956,400.0,Regular
2023-07-24T16:18:38.293Z,XBTUSD,Buy,500,29028.5,ZeroPlusTick,729a5859-fcaa-117a-2b81-5fd3664ed266,1722445,0.01722445,500.0,Regular
2023-07-24T16:18:38.436Z,XBTUSD,Sell,23800,29028.0,MinusTick,0b7ce2de-c406-118e-52d7-b3527bb78feb,81989810,0.8198981,23800.0,Regular
2023-07-24T16:18:38.436Z,XBTUSD,Sell,40500,29028.0,ZeroMinusTick,93334d3c-5582-7690-ba06-6ac2ec19f7ae,139520475,1.39520475,40500.0,Regular
2023-07-24T16:18:38.436Z,XBTUSD,Sell,38700,29028.0,ZeroMinusTick,99a3fa20-eefc-3d89-4e4b-9facd821a18a,133319565,1.33319565,38700.0,Regular
2023-07-24T16:18:38.436Z,XBTUSD,Sell,39000,29028.0,ZeroMinusTick,2fb869cd-fb71-449e-0673-c39d2eb542be,134353050,1.3435305,39000.0,Regular
2023-07-24T16:18:38.436Z,XBTUSD,Sell,100,29028.0,ZeroMinusTick,f7511082-f358-e3c3-7354-79515eee21e9,344495,0.00344495,100.0,Regular
2023-07-24T16:18:38.436Z,XBTUSD,Sell,300,29028.0,ZeroMinusTick,91487e5c-c894-3053-6e42-dd523dff927b,1033485,0.01033485,300.0,Regular
2023-07-24T16:18:38.436Z,XBTUSD,Sell,300,29028.0,ZeroMinusTick,4e83a0fd-7aa2-544c-3046-861da03b05a7,1033485,0.01033485,300.0,Regular
2023-07-24T16:18:38.436Z,XBTUSD,Sell,3300,29028.0,ZeroMinusTick,4775b461-9020-0bb1-36ad-a004d1ed7f49,11368335,0.11368335,3300.0,Regular
2023-07-24T16:18:38.436Z,XBTUSD,Sell,4500,29028.0,ZeroMinusTick,e2a6b397-f133-e011-264f-73aa242e40a3,15502275,0.15502275,4500.0,Regular
2023-07-24T16:18:38.436Z,XBTUSD,Sell,32500,29028.0,ZeroMinusTick,fd586655-bc09-edc2-318b-6173fce7be50,111960875,1.11960875,32500.0,Regular
2023-07-24T16:18:38.436Z,XBTUSD,Sell,40500,29027.5,MinusTick,fa8c043f-d7a9-3046-e803-3ced26d73335,139522905,1.39522905,40500.0,Regular
2023-07-24T16:18:38.436Z,XBTUSD,Sell,39000,29027.5,ZeroMinusTick,f2a0be07-b7b2-f12a-640f-37315658c837,134355390,1.3435539,39000.0,Regular
2023-07-24T16:18:38.436Z,XBTUSD,Sell,49500,29027.0,MinusTick,1a23cb7c-632c-ba7e-94fa-afe070d243df,170530965,1.70530965,49500.0,Regular
2023-07-24T16:18:38.436Z,XBTUSD,Sell,40500,29027.0,ZeroMinusTick,d2a739c1-6c17-52ce-d807-a12cef896c52,139525335,1.39525335,40500.0,Regular
2023-07-24T16:18:38.436Z,XBTUSD,Sell,40500,29026.5,MinusTick,d77679a7-1213-1fef-4402-2fe27d522abc,139527765,1.39527765,40500.0,Regular
2023-07-24T16:18:38.436Z,XBTUSD,Sell,39000,29026.5,ZeroMinusTick,aff5d14c-57b7-de7b-aa58-63d97b637a1f,134360070,1.3436007,39000.0,Regular
2023-07-24T16:18:43.728Z,XBTUSD,Sell,1400,29024.0,MinusTick,6f4d4942-1bac-e96c-b43f-f5e0854fec51,4823588,0.04823588,1400.0,Regular
2023-07-24T16:18:43.732Z,XBTUSD,Sell,6200,29023.5,MinusTick,4d702585-b259-11ef-78d2-14e922ae0f60,21361976,0.21361976,6200.0,Regular
2023-07-24T16:18:43.737Z,XBTUSD,Sell,100,29023.5,ZeroMinusTick,bf261800-1e6d-400d-0458-4e6f38b7778e,344548,0.00344548,100.0,Regular
2023-07-24T16:18:43.737Z,XBTUSD,Sell,100,29023.5,ZeroMinusTick,aca9989d-1240-b573-3a20-239eb9ffa0cd,344548,0.00344548,100.0,Regular
2023-07-24T16:18:43.763Z,XBTUSD,Sell,6700,29021.5,MinusTick,8615488b-7291-78f2-89a5-c941c2583894,23086324,0.23086324,6700.0,Regular
2023-07-24T16:18:43.763Z,XBTUSD,Sell,56200,29021.5,ZeroMinusTick,17f61470-9049-d08b-97a0-8997648d0f86,193649464,1.93649464,56200.0,Regular
2023-07-24T16:18:52.525Z,XBTUSD,Sell,500,29018.0,MinusTick,5080611f-6b09-adef-ae56-a8aff6ac1b13,1723070,0.0172307,500.0,Regular
2023-07-24T16:18:52.529Z,XBTUSD,Sell,4100,29017.5,MinusTick,998b0021-8b9c-e7cd-c713-5c762fc3e2bf,14129420,0.1412942,4100.0,Regular
2023-07-24T16:18:52.529Z,XBTUSD,Sell,2600,29017.0,MinusTick,1ede7616-fbd2-a402-71cd-f0614253ed2c,8960276,0.08960276,2600.0,Regular
2023-07-24T16:18:52.539Z,XBTUSD,Sell,4100,29017.0,ZeroMinusTick,aea32675-f3cb-24f3-e45a-d93b44f72925,14129666,0.14129666,4100.0,Regular
2023-07-24T16:18:52.549Z,XBTUSD,Sell,300,29018.0,PlusTick,c322a642-a937-4803-5ca4-21fe099462cd,1033842,0.01033842,300.0,Regular
2023-07-24T16:18:52.560Z,XBTUSD,Sell,400,29018.0,ZeroPlusTick,c1da56a1-914c-3112-65cf-1c619782bf9e,1378456,0.01378456,400.0,Regular
2023-07-24T16:18:52.588Z,XBTUSD,Sell,500,29018.0,ZeroPlusTick,b588acb9-5659-9f01-6c94-f4824902fef6,1723070,0.0172307,500.0,Regular
2023-07-24T16:18:52.947Z,XBTUSD,Sell,100,29015.0,MinusTick,c0ea8969-7b16-e26d-eae8-3a6d4ccbc6aa,344649,0.00344649,100.0,Regular
2023-07-24T16:18:52.947Z,XBTUSD,Sell,100,29014.0,MinusTick,b88fd3a8-5671-e04e-5916-1cb9f170fad8,344661,0.00344661,100.0,Regular
2023-07-24T16:18:52.947Z,XBTUSD,Sell,2800,29013.5,MinusTick,7337f506-f5e4-e324-ca99-08d5028a16f5,9650676,0.09650676,2800.0,Regular
2023-07-24T16:18:52.947Z,XBTUSD,Sell,2600,29013.0,MinusTick,ddd6315e-f7b8-5abc-3392-0c16bdd42c35,8961498,0.08961498,2600.0,Regular
2023-07-24T16:18:53.077Z,XBTUSD,Sell,3200,29014.5,PlusTick,8ce61b78-3b56-aa9d-c253-7a8e4f50fa68,11028960,0.1102896,3200.0,Regular
2023-07-24T16:18:53.077Z,XBTUSD,Sell,2400,29014.0,MinusTick,b1c9e9fe-5e83-c8d8-c5f8-d3f9a4bfd4a1,8271864,0.08271864,2400.0,Regular
2023-07-24T16:18:53.200Z,XBTUSD,Buy,2000,29015.0,PlusTick,b1af3ba7-1171-b04b-912b-86695e62a8d2,6892980,0.0689298,2000.0,Regular
2023-07-24T16:18:53.208Z,XBTUSD,Sell,5600,29014.5,MinusTick,7a729771-5768-1310-a184-df87f8948833,19300680,0.1930068,5600.0,Regular
2023-07-24T16:18:53.328Z,XBTUSD,Sell,3100,29014.0,MinusTick,a173b64a-be57-7a38-227f-2ff4b91e22b7,10684491,0.10684491,3100.0,Regular
2023-07-24T16:18:53.328Z,XBTUSD,Sell,2500,29013.5,MinusTick,bb52b0c6-e004-7ee5-b9dc-c270269107e1,8616675,0.08616675,2500.0,Regular
2023-07-24T16:18:53.450Z,XBTUSD,Sell,1700,29014.0,PlusTick,8adf58f3-7697-6990-45d6-56d429fdbcc8,5859237,0.05859237,1700.0,Regular
2023-07-24T16:18:53.450Z,XBTUSD,Sell,2500,29013.5,MinusTick,a98de38c-58c0-57ea-6852-285d54659939,8616675,0.08616675,2500.0,Regular
2023-07-24T16:18:53.450Z,XBTUSD,Sell,400,29013.0,MinusTick,e2b84ee4-74ae-7ba4-076f-3c271acc6534,1378692,0.01378692,400.0,Regular
2023-07-24T16:18:53.450Z,XBTUSD,Sell,100,29013.0,ZeroMinusTick,9e028f63-6f3d-3563-688d-e6b85fb14c6e,344673,0.00344673,100.0,Regular
2023-07-24T16:18:53.450Z,XBTUSD,Sell,900,29012.0,MinusTick,868e7965-975e-d9ec-5500-3e6e8b72099d,3102165,0.03102165,900.0,Regular
2023-07-24T16:18:53.576Z,XBTUSD,Sell,5600,29014.0,PlusTick,07971217-214a-a0d0-cb59-a39ecca58a36,19301016,0.19301016,5600.0,Regular
2023-07-24T16:18:53.706Z,XBTUSD,Sell,5600,29012.5,MinusTick,55a897f7-a8e4-0fa9-bb92-d1523d3b17e7,19302024,0.19302024,5600.0,Regular
2023-07-24T16:18:53.854Z,XBTUSD,Sell,5600,29013.5,PlusTick,6b3079a1-e593-8ada-dce2-b09d5e357728,19301352,0.19301352,5600.0,Regular
2023-07-24T16:18:53.985Z,XBTUSD,Sell,5000,29013.5,ZeroPlusTick,91167e50-60c4-2658-32a4-feb48f31e74d,17233350,0.1723335,5000.0,Regular
2023-07-24T16:18:53.985Z,XBTUSD,Sell,600,29012.5,MinusTick,c9c3d849-6c32-8af5-867f-417fb98b2b4c,2068074,0.02068074,600.0,Regular
2023-07-24T16:18:54.088Z,XBTUSD,Sell,2400,29013.5,PlusTick,eb401a96-a9a7-c26d-a4ac-3e794cf958d8,8272008,0.08272008,2400.0,Regular
2023-07-24T16:18:54.088Z,XBTUSD,Sell,3200,29013.0,MinusTick,2adf7c80-987d-e6ec-cb0c-d0d2efa3f2fc,11029536,0.11029536,3200.0,Regular
2023-07-24T16:18:56.726Z,XBTUSD,Sell,40500,29013.0,ZeroMinusTick,6d774176-4939-d970-9dfd-b69bcb3e4e7d,139592565,1.39592565,40500.0,Regular
2023-07-24T16:18:56.726Z,XBTUSD,Sell,5000,29013.0,ZeroMinusTick,1867d49c-bfd8-a3d9-0012-524c88db67e8,17233650,0.1723365,5000.0,Regular
2023-07-24T16:18:56.726Z,XBTUSD,Sell,49600,29013.0,ZeroMinusTick,71cf4c6d-9bf5-4517-695b-f598458a9d99,170957808,1.70957808,49600.0,Regular
2023-07-24T16:18:56.726Z,XBTUSD,Sell,100,29013.0,ZeroMinusTick,ab2cada7-6add-9c6c-6439-92aa10842653,344673,0.00344673,100.0,Regular
2023-07-24T16:18:56.726Z,XBTUSD,Sell,2600,29012.5,MinusTick,c3b4ceda-35f3-65cd-35b0-da895cd1479e,8961654,0.08961654,2600.0,Regular
2023-07-24T16:18:56.726Z,XBTUSD,Sell,39000,29012.5,ZeroMinusTick,25c5e228-10f3-fb3d-258b-03b352dc313f,134424810,1.3442481,39000.0,Regular
2023-07-24T16:18:56.726Z,XBTUSD,Sell,40500,29012.5,ZeroMinusTick,d76b14e0-b3b9-d94b-8e17-68aa6163718f,139594995,1.39594995,40500.0,Regular
2023-07-24T16:18:56.726Z,XBTUSD,Sell,48000,29012.5,ZeroMinusTick,c89a79c5-cb29-8b5f-f3bb-68cf6a398dc7,165445920,1.6544592,48000.0,Regular
2023-07-24T16:18:56.726Z,XBTUSD,Sell,39000,29012.0,MinusTick,bf20d49d-7585-856c-8ebb-95ab0795546d,134427150,1.3442715,39000.0,Regular
2023-07-24T16:18:56.726Z,XBTUSD,Sell,40500,29012.0,ZeroMinusTick,b3af3e78-de02-1a6f-a2c9-7e75694f5a4f,139597425,1.39597425,40500.0,Regular
2023-07-24T16:18:56.726Z,XBTUSD,Sell,300,29011.5,MinusTick,31be316e-1feb-dcee-ec27-64f65442c1d5,1034073,0.01034073,300.0,Regular
