timestamp,symbol,side,size,price,tickDirection,trdMatchID,grossValue,homeNotional,foreignNotional,trdType
2023-07-26T16:00:03.862Z,XBTUSD,Buy,1000,29306.5,ZeroPlusTick,09972555-c8dd-1946-fb27-49005a5d7c55,3412210,0.0341221,1000.0,Regular
2023-07-26T16:00:12.409Z,XBTUSD,Buy,4700,29306.5,ZeroPlusTick,3d550bcb-485f-809c-e98d-09a3fb28f946,16037387,0.16037387,4700.0,Regular
2023-07-26T16:00:12.409Z,XBTUSD,Buy,100,29306.5,ZeroPlusTick,6a971988-6158-4a0a-e64d-20252654ee3f,341221,0.00341221,100.0,Regular
2023-07-26T16:00:12.409Z,XBTUSD,Buy,3800,29306.5,ZeroPlusTick,45c58f2d-ac9a-b743-ee93-c2cfdb78c47c,12966398,0.12966398,3800.0,Regular
2023-07-26T16:00:12.409Z,XBTUSD,Buy,100,29306.5,ZeroPlusTick,11cf96e1-817c-e72c-2f67-00dae23a5483,341221,0.00341221,100.0,Regular
2023-07-26T16:00:12.409Z,XBTUSD,Buy,65800,29306.5,ZeroPlusTick,f74e6d98-5c47-ca1e-708a-d69699f6244f,224523418,2.24523418,65800.0,Regular
2023-07-26T16:00:34.342Z,XBTUSD,Buy,100,29309.5,PlusTick,de4b3695-6291-acad-764f-b74fce400704,341186,0.00341186,100.0,Regular
2023-07-26T16:00:39.930Z,XBTUSD,Buy,4600,29309.5,ZeroPlusTick,4fe6c3ce-6a96-a48d-613c-e6cca08d3cba,15694556,0.15694556,4600.0,Regular
2023-07-26T16:00:51.994Z,XBTUSD,Sell,7700,29309.0,MinusTick,5c2d7c4b-d363-6318-65f0-30dbfad871f4,26271784,0.26271784,7700.0,Regular
2023-07-26T16:00:55.358Z,XBTUSD,Buy,100,29309.5,PlusTick,c7bf6b4f-0566-2935-3c74-9e0ac5d6cb58,341186,0.00341186,100.0,Regular
2023-07-26T16:01:12.749Z,XBTUSD,Buy,1800,29309.5,ZeroPlusTick,15f5b119-0f99-371a-0032-0dbf0aca1ebb,6141348,0.06141348,1800.0,Regular
2023-07-26T16:01:12.749Z,XBTUSD,Buy,900,29309.5,ZeroPlusTick,dbec130b-ed1d-59a4-1e69-c07e98157559,3070674,0.03070674,900.0,Regular
2023-07-26T16:01:12.749Z,XBTUSD,Buy,100,29309.5,ZeroPlusTick,5f6c7dc8-9edd-bbbd-2393-cb72cec94ab0,341186,0.00341186,100.0,Regular
2023-07-26T16:01:12.749Z,XBTUSD,Buy,1100,29309.5,ZeroPlusTick,c98c1b2f-3d2c-85e5-bba7-1f0e969830bc,3753046,0.03753046,1100.0,Regular
2023-07-26T16:01:12.749Z,XBTUSD,Buy,500,29309.5,ZeroPlusTick,f1e0a737-385b-a72d-480f-e4c88e8f44bf,1705930,0.0170593,500.0,Regular
2023-07-26T16:01:12.749Z,XBTUSD,Buy,5700,29309.5,ZeroPlusTick,92b43624-0d81-0ba6-a813-f05ef2371a4e,19447602,0.19447602,5700.0,Regular
2023-07-26T16:01:12.749Z,XBTUSD,Buy,200,29309.5,ZeroPlusTick,06ad38de-3dc5-06d1-9580-d098bc223923,682372,0.00682372,200.0,Regular
2023-07-26T16:01:12.749Z,XBTUSD,Buy,16400,29309.5,ZeroPlusTick,116695d8-da94-fbb8-283c-1f8962e51016,55954504,0.55954504,16400.0,Regular
2023-07-26T16:01:12.749Z,XBTUSD,Buy,1200,29309.5,ZeroPlusTick,258bea59-90d8-6c8d-3733-04f4ab466aa5,4094232,0.04094232,1200.0,Regular
2023-07-26T16:01:12.749Z,XBTUSD,Buy,3100,29309.5,ZeroPlusTick,81e52002-b811-703c-8918-23cbae257223,10576766,0.10576766,3100.0,Regular
2023-07-26T16:01:12.749Z,XBTUSD,Buy,100,29309.5,ZeroPlusTick,1d61591c-6951-80c4-7c41-7da81c751dda,341186,0.00341186,100.0,Regular
2023-07-26T16:01:12.749Z,XBTUSD,Buy,200,29309.5,ZeroPlusTick,bc52f024-ea62-7aa1-d9fb-e0effa24f6bd,682372,0.00682372,200.0,Regular
2023-07-26T16:01:12.749Z,XBTUSD,Buy,100,29309.5,ZeroPlusTick,4c2f36d1-e899-4e9a-7d95-02a0550fdd17,341186,0.00341186,100.0,Regular
2023-07-26T16:01:12.749Z,XBTUSD,Buy,2000,29310.0,PlusTick,9f31e873-e6ff-9e17-80e9-30d1483e02da,6823600,0.068236,2000.0,Regular
2023-07-26T16:01:12.749Z,XBTUSD,Buy,3000,29310.0,ZeroPlusTick,a266d200-bb6f-1df1-a028-5b35b090569a,10235400,0.102354,3000.0,Regular
2023-07-26T16:01:12.797Z,XBTUSD,Buy,100,29312.5,PlusTick,759f6f1a-9b11-387b-3c0e-e11896dfcb09,341151,0.00341151,100.0,Regular
2023-07-26T16:02:02.242Z,XBTUSD,Sell,28700,29312.5,ZeroPlusTick,4e887c40-5d02-b5b7-8050-9d4da628068d,97910337,0.97910337,28700.0,Regular
2023-07-26T16:02:02.242Z,XBTUSD,Sell,3000,29312.5,ZeroPlusTick,fc2d3e63-ea51-fbe3-c1a1-eee9cf683853,10234530,0.1023453,3000.0,Regular
2023-07-26T16:02:02.242Z,XBTUSD,Sell,10000,29312.5,ZeroPlusTick,1d87ee25-d943-909d-ecae-75b56244de95,34115100,0.341151,10000.0,Regular
2023-07-26T16:02:02.242Z,XBTUSD,Sell,6100,29312.5,ZeroPlusTick,ab5a6abe-382a-040e-679a-0e6bc875a6d0,20810211,0.20810211,6100.0,Regular
2023-07-26T16:02:02.242Z,XBTUSD,Sell,900,29312.5,ZeroPlusTick,e8a87930-d958-5467-3448-ccbca7e0f569,3070359,0.03070359,900.0,Regular
2023-07-26T16:02:02.242Z,XBTUSD,Sell,2300,29312.5,ZeroPlusTick,04f2fdaf-f3f6-8aba-68e0-e08553d41a52,7846473,0.07846473,2300.0,Regular
2023-07-26T16:02:02.242Z,XBTUSD,Sell,500,29312.5,ZeroPlusTick,92492f98-f123-9709-8535-c8346f21712b,1705755,0.01705755,500.0,Regular
2023-07-26T16:02:02.242Z,XBTUSD,Sell,32900,29312.5,ZeroPlusTick,63db1f7f-1eaa-38ac-a199-ad6a09371b72,112238679,1.12238679,32900.0,Regular
2023-07-26T16:02:02.244Z,XBTUSD,Sell,20200,29312.5,ZeroPlusTick,c1138004-f536-6c39-fd2f-d64f283c2a3f,68912502,0.68912502,20200.0,Regular
2023-07-26T16:02:02.247Z,XBTUSD,Sell,100,29312.5,ZeroPlusTick,ed17464d-854f-124c-223e-f97e77cc0a4f,341151,0.00341151,100.0,Regular
2023-07-26T16:02:02.247Z,XBTUSD,Sell,17000,29312.5,ZeroPlusTick,4080ba52-28cc-e0ba-b9df-8ad4e2b70436,57995670,0.5799567,17000.0,Regular
2023-07-26T16:02:02.247Z,XBTUSD,Sell,700,29312.5,ZeroPlusTick,128089df-2124-a9dd-7d73-6978fc4e1bf0,2388057,0.02388057,700.0,Regular
2023-07-26T16:02:02.247Z,XBTUSD,Sell,300,29312.5,ZeroPlusTick,78b6ffee-31eb-08fe-6d17-1938a9608ea1,1023453,0.01023453,300.0,Regular
2023-07-26T16:02:02.247Z,XBTUSD,Sell,800,29312.5,ZeroPlusTick,3f71e342-3cb8-3d7a-da19-c098bae2b4eb,2729208,0.02729208,800.0,Regular
2023-07-26T16:02:02.247Z,XBTUSD,Sell,1700,29312.5,ZeroPlusTick,39bdfe42-15f6-24df-88d8-8eeb161e1dfb,5799567,0.05799567,1700.0,Regular
2023-07-26T16:02:02.247Z,XBTUSD,Sell,2400,29312.5,ZeroPlusTick,59a6c5d3-135a-7439-a085-0a48bd9a834c,8187624,0.08187624,2400.0,Regular
2023-07-26T16:02:02.247Z,XBTUSD,Sell,4700,29312.5,ZeroPlusTick,c32d5e3a-70c9-b7fb-919f-fb4ea3baf122,16034097,0.16034097,4700.0,Regular
2023-07-26T16:02:02.247Z,XBTUSD,Sell,100,29312.5,ZeroPlusTick,c3106711-33c2-f526-8aa6-4ed476fcf709,341151,0.00341151,100.0,Regular
2023-07-26T16:02:02.247Z,XBTUSD,Sell,33600,29312.5,ZeroPlusTick,9d56127e-6744-01db-faa1-86aae90c80cc,114626736,1.14626736,33600.0,Regular
2023-07-26T16:02:02.248Z,XBTUSD,Sell,10000,29312.5,ZeroPlusTick,5d21d5a0-6b20-331f-9a6c-a5d6071546eb,34115100,0.341151,10000.0,Regular
2023-07-26T16:02:02.248Z,XBTUSD,Sell,100,29312.5,ZeroPlusTick,049aca58-063f-928f-2d80-f8345f6db58a,341151,0.00341151,100.0,Regular
2023-07-26T16:02:02.248Z,XBTUSD,Sell,55900,29312.5,ZeroPlusTick,e44a1ed2-4add-8c5c-b177-f32b170ae0ea,190703409,1.90703409,55900.0,Regular
2023-07-26T16:03:29.763Z,XBTUSD,Sell,100,29309.5,MinusTick,05482b2e-48ff-ab6c-478a-2edc4de62a6c,341186,0.00341186,100.0,Regular
2023-07-26T16:03:29.763Z,XBTUSD,Sell,4500,29309.5,ZeroMinusTick,0a2c6e79-61be-22eb-6810-71d5cac4fc9f,15353370,0.1535337,4500.0,Regular
2023-07-26T16:03:32.026Z,XBTUSD,Sell,100,29309.5,ZeroMinusTick,612438cc-592a-b8c0-ce9b-abfe0110d910,341186,0.00341186,100.0,Regular
2023-07-26T16:04:13.543Z,XBTUSD,Sell,51300,29309.5,ZeroMinusTick,f1c7626c-c59a-8ae2-7a72-bdc7a24c4fbc,175028418,1.75028418,51300.0,Regular
2023-07-26T16:04:13.543Z,XBTUSD,Sell,100,29309.5,ZeroMinusTick,115e131d-5c20-0507-965e-74c1c39b899c,341186,0.00341186,100.0,Regular
2023-07-26T16:04:13.543Z,XBTUSD,Sell,5700,29309.5,ZeroMinusTick,ea1851b1-e8ef-86a2-576f-fc6c14d70acf,19447602,0.19447602,5700.0,Regular
2023-07-26T16:04:13.543Z,XBTUSD,Sell,22700,29309.5,ZeroMinusTick,d4cc94c8-5235-7ef9-e24d-d3a545314840,77449222,0.77449222,22700.0,Regular
2023-07-26T16:04:13.543Z,XBTUSD,Sell,29600,29309.5,ZeroMinusTick,f458133b-c891-0e0f-ee56-112e6a66777d,100991056,1.00991056,29600.0,Regular
2023-07-26T16:04:13.543Z,XBTUSD,Sell,88800,29309.5,ZeroMinusTick,0015cb7f-21ac-09e1-14d6-c7a4868d9004,302973168,3.02973168,88800.0,Regular
2023-07-26T16:04:19.500Z,XBTUSD,Sell,55900,29307.5,MinusTick,29630e18-8366-2e1c-2cf6-707ce711d519,190736390,1.9073639,55900.0,Regular
2023-07-26T16:04:19.565Z,XBTUSD,Sell,100,29306.5,MinusTick,f562e9d1-a41a-f85f-6e46-2153b11dacde,341221,0.00341221,100.0,Regular
2023-07-26T16:04:38.198Z,XBTUSD,Buy,1800,29306.0,MinusTick,17b9a04a-602a-8aed-d6b0-b23783d2017e,6142086,0.06142086,1800.0,Regular
2023-07-26T16:04:40.172Z,XBTUSD,Buy,5200,29306.0,ZeroMinusTick,b5d85916-9a3e-204d-a5e7-bbaec1923406,17743804,0.17743804,5200.0,Regular
2023-07-26T16:05:08.113Z,XBTUSD,Buy,300,29306.0,ZeroMinusTick,e87f67d4-c27e-ed94-c1cb-06dd2095785b,1023681,0.01023681,300.0,Regular
2023-07-26T16:05:08.113Z,XBTUSD,Buy,600,29306.0,ZeroMinusTick,f691e680-d509-ef71-a778-bd73e360ca08,2047362,0.02047362,600.0,Regular
2023-07-26T16:05:52.625Z,XBTUSD,Buy,200,29306.0,ZeroMinusTick,3070adc2-3468-5d88-10e7-f6ab9eb1d234,682454,0.00682454,200.0,Regular
2023-07-26T16:05:54.231Z,XBTUSD,Buy,600,29306.0,ZeroMinusTick,0a55f486-5282-fbf9-fb3c-13043bd4cfe8,2047362,0.02047362,600.0,Regular
2023-07-26T16:05:55.922Z,XBTUSD,Buy,1400,29306.0,ZeroMinusTick,fbd8c75d-3cb0-1b70-58b6-f95fe73b5eac,4777178,0.04777178,1400.0,Regular
2023-07-26T16:06:00.379Z,XBTUSD,Buy,12200,29306.0,ZeroMinusTick,96a6bb30-9a4d-fb35-e189-706fa0b163d3,41629694,0.41629694,12200.0,Regular
2023-07-26T16:06:00.379Z,XBTUSD,Buy,600,29306.0,ZeroMinusTick,de6777a2-295a-0d0a-577f-fbcaf3ad9e76,2047362,0.02047362,600.0,Regular
2023-07-26T16:06:00.379Z,XBTUSD,Buy,200,29306.0,ZeroMinusTick,e9f04ef9-962e-e763-0bd5-61763ba22456,682454,0.00682454,200.0,Regular
2023-07-26T16:06:00.379Z,XBTUSD,Buy,103800,29306.0,ZeroMinusTick,f30e8bd7-7f4a-9ac8-cb05-c060e665e91f,354193626,3.54193626,103800.0,Regular
2023-07-26T16:06:00.379Z,XBTUSD,Buy,2800,29306.0,ZeroMinusTick,77bd255d-2cdb-2d16-c9b9-009d02418271,9554356,0.09554356,2800.0,Regular
2023-07-26T16:06:00.379Z,XBTUSD,Buy,200,29306.0,ZeroMinusTick,a70fe206-0ba0-ba32-bc09-2c72b59ea9b0,682454,0.00682454,200.0,Regular
2023-07-26T16:06:00.379Z,XBTUSD,Buy,700,29306.0,ZeroMinusTick,3c19b8c5-5776-1ffc-1ecc-3f48e01d10a0,2388589,0.02388589,700.0,Regular
2023-07-26T16:06:00.379Z,XBTUSD,Buy,100,29306.0,ZeroMinusTick,10ce51cf-34cd-83f2-d890-ad9cdc8bc21b,341227,0.00341227,100.0,Regular
2023-07-26T16:06:00.379Z,XBTUSD,Buy,300,29306.0,ZeroMinusTick,8804f4da-eac0-bc1d-5e46-9f6d5ce6fd76,1023681,0.01023681,300.0,Regular
2023-07-26T16:06:00.379Z,XBTUSD,Buy,7200,29306.0,ZeroMinusTick,13389b5b-35f7-b205-f6cd-afa9c5e4fd0b,24568344,0.24568344,7200.0,Regular
2023-07-26T16:06:00.379Z,XBTUSD,Buy,100,29306.0,ZeroMinusTick,21947d9a-258f-08b4-3f02-6dae01154340,341227,0.00341227,100.0,Regular
2023-07-26T16:06:00.379Z,XBTUSD,Buy,300,29306.0,ZeroMinusTick,eed6e06d-2444-2035-485e-1b0837390ba1,1023681,0.01023681,300.0,Regular
2023-07-26T16:06:00.379Z,XBTUSD,Buy,9700,29306.0,ZeroMinusTick,15051542-4764-7545-95c1-44721a581245,33099019,0.33099019,9700.0,Regular
2023-07-26T16:06:00.379Z,XBTUSD,Buy,100,29306.0,ZeroMinusTick,4bd9d7b4-a281-2543-4e0a-30c0fbaf90f9,341227,0.00341227,100.0,Regular
2023-07-26T16:06:00.379Z,XBTUSD,Buy,40000,29306.0,ZeroMinusTick,44a379c8-95cd-68d6-6729-bee1a752e0ef,136490800,1.364908,40000.0,Regular
2023-07-26T16:06:00.379Z,XBTUSD,Buy,5300,29306.0,ZeroMinusTick,8f8937e2-632d-df3f-b866-1322f775d3cd,18085031,0.18085031,5300.0,Regular
2023-07-26T16:06:00.379Z,XBTUSD,Buy,100,29306.0,ZeroMinusTick,6683c32e-4614-1652-f79d-6725c1ec8d75,341227,0.00341227,100.0,Regular
2023-07-26T16:06:00.379Z,XBTUSD,Buy,15500,29306.0,ZeroMinusTick,b2edee9b-a634-ed16-2919-2b0f46219275,52890185,0.52890185,15500.0,Regular
2023-07-26T16:06:00.379Z,XBTUSD,Buy,3000,29306.0,ZeroMinusTick,c9907061-f33d-4239-b4f5-09d34311fdbe,10236810,0.1023681,3000.0,Regular
2023-07-26T16:06:00.379Z,XBTUSD,Buy,200,29306.0,ZeroMinusTick,6cfad01c-7dce-0d3d-d7f9-966ae615f639,682454,0.00682454,200.0,Regular
2023-07-26T16:06:00.379Z,XBTUSD,Buy,200,29306.0,ZeroMinusTick,7f000662-b4e7-28b5-62a0-b304432a9c03,682454,0.00682454,200.0,Regular
2023-07-26T16:06:00.379Z,XBTUSD,Buy,3000,29306.0,ZeroMinusTick,fdb2a33d-ab28-e4f9-99a8-48e1fb907e73,10236810,0.1023681,3000.0,Regular
2023-07-26T16:06:00.399Z,XBTUSD,Buy,800,29306.0,ZeroMinusTick,b909f944-5dd7-e084-bbbd-c8a696a7fc32,2729816,0.02729816,800.0,Regular
2023-07-26T16:06:00.399Z,XBTUSD,Buy,100,29306.0,ZeroMinusTick,fc967107-c744-1cba-a811-ae1964875ad1,341227,0.00341227,100.0,Regular
2023-07-26T16:06:00.399Z,XBTUSD,Buy,100,29306.0,ZeroMinusTick,19ac668c-ffc2-ee6b-f4d8-d173ceb99b4d,341227,0.00341227,100.0,Regular
2023-07-26T16:06:00.721Z,XBTUSD,Buy,100,29310.0,PlusTick,3d3b6e0e-8342-8107-35ab-0dacd41090e5,341180,0.0034118,100.0,Regular
2023-07-26T16:06:00.721Z,XBTUSD,Buy,19600,29310.0,ZeroPlusTick,46691d89-7f0e-640e-9a5e-5d741bb04312,66871280,0.6687128,19600.0,Regular
2023-07-26T16:06:00.795Z,XBTUSD,Buy,9900,29310.0,ZeroPlusTick,f8229b83-8ce6-32ab-5a5d-bfa17207e927,33776820,0.3377682,9900.0,Regular
2023-07-26T16:06:04.728Z,XBTUSD,Buy,1400,29313.0,PlusTick,2f88523c-2774-e417-971b-8b2e17097d54,4776044,0.04776044,1400.0,Regular
2023-07-26T16:06:04.728Z,XBTUSD,Buy,3700,29313.0,ZeroPlusTick,c4288611-bf57-9fbf-e2b0-1912b92a59e8,12622402,0.12622402,3700.0,Regular
2023-07-26T16:06:13.477Z,XBTUSD,Buy,3500,29313.0,ZeroPlusTick,4b9ba321-9e33-53a5-0780-04925dfae680,11940110,0.1194011,3500.0,Regular
2023-07-26T16:06:13.477Z,XBTUSD,Buy,3600,29313.0,ZeroPlusTick,39ceb490-934c-8ae2-9458-3adc483b9473,12281256,0.12281256,3600.0,Regular
2023-07-26T16:06:13.477Z,XBTUSD,Buy,100,29313.0,ZeroPlusTick,d44eef23-88aa-3a6e-2690-0feab69e54ae,341146,0.00341146,100.0,Regular
2023-07-26T16:06:13.477Z,XBTUSD,Buy,3900,29313.0,ZeroPlusTick,77847c44-c71a-3339-92ec-8d4cfae019d6,13304694,0.13304694,3900.0,Regular
2023-07-26T16:06:13.477Z,XBTUSD,Buy,100,29313.0,ZeroPlusTick,19eb6f0b-9a8b-4d99-b2fc-0837f7c9c268,341146,0.00341146,100.0,Regular
2023-07-26T16:06:13.477Z,XBTUSD,Buy,100,29313.0,ZeroPlusTick,97ec9d36-a870-7df1-7b65-137b617704b3,341146,0.00341146,100.0,Regular
2023-07-26T16:06:13.477Z,XBTUSD,Buy,67600,29313.0,ZeroPlusTick,2ff011f2-7909-f43d-c84d-a1311a01fc0d,230614696,2.30614696,67600.0,Regular
2023-07-26T16:06:13.922Z,XBTUSD,Buy,5400,29313.0,ZeroPlusTick,585e874b-89a0-406d-b9ba-dbf9e71b73e8,18421884,0.18421884,5400.0,Regular
2023-07-26T16:06:13.922Z,XBTUSD,Buy,300,29313.0,ZeroPlusTick,79151c94-7ad3-9c02-0578-8925a519aa76,1023438,0.01023438,300.0,Regular
2023-07-26T16:06:13.922Z,XBTUSD,Buy,300,29313.0,ZeroPlusTick,8742e660-3bbb-4661-b5b6-5f7cfcc9d6a9,1023438,0.01023438,300.0,Regular
2023-07-26T16:06:13.922Z,XBTUSD,Buy,4000,29313.0,ZeroPlusTick,ee38ee4e-da15-6c9f-c37f-d24ff0441037,13645840,0.1364584,4000.0,Regular
2023-07-26T16:06:13.922Z,XBTUSD,Buy,100,29313.0,ZeroPlusTick,174e97c2-1fc4-fede-22d9-f2c37d5c0cfc,341146,0.00341146,100.0,Regular
2023-07-26T16:06:13.922Z,XBTUSD,Buy,5800,29314.5,PlusTick,b350748f-5743-c2a4-5aeb-7e049e3a9f14,19785424,0.19785424,5800.0,Regular
2023-07-26T16:06:42.137Z,XBTUSD,Buy,900,29316.5,PlusTick,57305139-f410-3578-8711-123ed86831d9,3069945,0.03069945,900.0,Regular
2023-07-26T16:06:42.137Z,XBTUSD,Buy,900,29316.5,ZeroPlusTick,50d81cc8-cb95-004e-d98c-e26ef482b2c6,3069945,0.03069945,900.0,Regular
2023-07-26T16:06:42.137Z,XBTUSD,Buy,6700,29316.5,ZeroPlusTick,efca8edd-a7e8-532f-ec95-0696a6a12803,22854035,0.22854035,6700.0,Regular
2023-07-26T16:06:42.137Z,XBTUSD,Buy,100,29316.5,ZeroPlusTick,0d110920-760e-7935-8fcd-b310a85a95a7,341105,0.00341105,100.0,Regular
2023-07-26T16:06:42.137Z,XBTUSD,Buy,1400,29316.5,ZeroPlusTick,f57c8895-7623-5033-327b-2a605d352c2e,4775470,0.0477547,1400.0,Regular
2023-07-26T16:06:42.142Z,XBTUSD,Buy,1100,29316.5,ZeroPlusTick,ad18a6de-8420-1feb-0748-4f5d1e75093a,3752155,0.03752155,1100.0,Regular
2023-07-26T16:06:57.781Z,XBTUSD,Buy,2100,29316.5,ZeroPlusTick,224c2c91-514d-20c5-3964-042c0cfdd7bc,7163205,0.07163205,2100.0,Regular
2023-07-26T16:06:57.781Z,XBTUSD,Buy,7800,29316.5,ZeroPlusTick,4677037d-60af-c160-c22e-ae85cbd8f2ea,26606190,0.2660619,7800.0,Regular
2023-07-26T16:06:57.781Z,XBTUSD,Buy,100,29316.5,ZeroPlusTick,474eaac8-bb1b-4272-f0e1-446e9d4258ba,341105,0.00341105,100.0,Regular
2023-07-26T16:06:57.781Z,XBTUSD,Buy,100,29316.5,ZeroPlusTick,1efd4b2c-ab5f-e1c3-f5ec-4500d624cc5a,341105,0.00341105,100.0,Regular
2023-07-26T16:06:57.781Z,XBTUSD,Buy,18300,29316.5,ZeroPlusTick,f547d3fd-ae84-c2fe-231e-c02c612176ea,62422215,0.62422215,18300.0,Regular
2023-07-26T16:06:57.781Z,XBTUSD,Buy,1000,29316.5,ZeroPlusTick,97fca4a3-5a42-86e2-809d-45a5394a1519,3411050,0.0341105,1000.0,Regular
2023-07-26T16:06:57.781Z,XBTUSD,Buy,1700,29316.5,ZeroPlusTick,12f3d876-02f6-be4c-62af-f89c31de020d,5798785,0.05798785,1700.0,Regular
2023-07-26T16:06:57.781Z,XBTUSD,Buy,300,29316.5,ZeroPlusTick,7b055ece-7795-e48b-b140-ed145dc61f34,1023315,0.01023315,300.0,Regular
2023-07-26T16:06:57.781Z,XBTUSD,Buy,300,29316.5,ZeroPlusTick,d47c85dc-bb30-f35f-b97e-1087323db09b,1023315,0.01023315,300.0,Regular
2023-07-26T16:06:57.781Z,XBTUSD,Buy,200,29316.5,ZeroPlusTick,6eee6027-2ea7-337e-dc13-2189ab8ab915,682210,0.0068221,200.0,Regular
2023-07-26T16:06:57.781Z,XBTUSD,Buy,600,29316.5,ZeroPlusTick,e41c3c46-5685-dd9a-cf36-43fc4fdfd67e,2046630,0.0204663,600.0,Regular
2023-07-26T16:07:04.851Z,XBTUSD,Buy,100,29317.0,PlusTick,745ea5be-3e70-8086-5121-0b9624ae6206,341099,0.00341099,100.0,Regular
2023-07-26T16:07:04.851Z,XBTUSD,Buy,700,29317.0,ZeroPlusTick,664cd612-b4f3-601d-3b75-00175f07927f,2387693,0.02387693,700.0,Regular
2023-07-26T16:07:04.851Z,XBTUSD,Buy,1900,29317.0,ZeroPlusTick,e367db7f-f68a-c9e8-68cd-90d2aac660e0,6480881,0.06480881,1900.0,Regular
2023-07-26T16:07:04.851Z,XBTUSD,Buy,100,29317.0,ZeroPlusTick,8ac9277e-b0ed-912c-5a9e-a31e6859ff59,341099,0.00341099,100.0,Regular
2023-07-26T16:07:04.851Z,XBTUSD,Buy,100,29317.0,ZeroPlusTick,fe8bdf6a-ee4b-3b78-d3f4-7cbcca48ae52,341099,0.00341099,100.0,Regular
2023-07-26T16:07:21.517Z,XBTUSD,Sell,2000,29318.5,PlusTick,768022c5-558a-c22c-d89b-c6ea7ee975c4,6821640,0.0682164,2000.0,Regular
2023-07-26T16:07:26.535Z,XBTUSD,Sell,27200,29318.5,ZeroPlusTick,d9b2b90b-047b-e600-5fba-f3c479592c78,92774304,0.92774304,27200.0,Regular
2023-07-26T16:07:26.535Z,XBTUSD,Sell,119700,29318.5,ZeroPlusTick,003f2579-93c8-f7c3-3df1-a59426483836,408275154,4.08275154,119700.0,Regular
2023-07-26T16:07:26.535Z,XBTUSD,Sell,5600,29318.5,ZeroPlusTick,2232d210-710a-b824-1537-f5986ef733a1,19100592,0.19100592,5600.0,Regular
2023-07-26T16:07:26.545Z,XBTUSD,Sell,21700,29318.5,ZeroPlusTick,257d5d55-a75e-f9ce-8f60-4824af6049d6,74014794,0.74014794,21700.0,Regular
2023-07-26T16:07:26.555Z,XBTUSD,Sell,34200,29318.5,ZeroPlusTick,c4b36639-87e8-2a4c-8fc5-9bfd8d16895f,116650044,1.16650044,34200.0,Regular
2023-07-26T16:07:26.555Z,XBTUSD,Sell,61700,29318.5,ZeroPlusTick,53d040ce-21d2-24ce-87e9-1c41e61dc5e8,210447594,2.10447594,61700.0,Regular
2023-07-26T16:07:27.293Z,XBTUSD,Sell,11500,29318.5,ZeroPlusTick,fddf4c88-7361-85d6-7523-6f19542d8a57,39224430,0.3922443,11500.0,Regular
2023-07-26T16:07:27.293Z,XBTUSD,Sell,6200,29318.5,ZeroPlusTick,fd2bf395-83f9-0c62-04d7-824bc78da14f,21147084,0.21147084,6200.0,Regular
2023-07-26T16:07:27.293Z,XBTUSD,Sell,3100,29318.5,ZeroPlusTick,3ef3a163-501e-f499-cf9b-479d0353f7c8,10573542,0.10573542,3100.0,Regular
2023-07-26T16:07:27.293Z,XBTUSD,Sell,900,29318.5,ZeroPlusTick,bbed07b6-3c83-3c0a-0bac-4b597be989d5,3069738,0.03069738,900.0,Regular
2023-07-26T16:07:27.293Z,XBTUSD,Sell,55900,29318.5,ZeroPlusTick,b0c78fd7-20c7-1b52-d830-ac56318add7a,190664838,1.90664838,55900.0,Regular
2023-07-26T16:07:27.936Z,XBTUSD,Sell,2000,29314.0,MinusTick,2d09fe03-4c47-fe11-4512-6f4325a7ad22,6822680,0.0682268,2000.0,Regular
2023-07-26T16:07:28.345Z,XBTUSD,Buy,15700,29314.0,ZeroMinusTick,0fca0c55-ed54-c4e7-8f8f-5d7f030ee20f,53558038,0.53558038,15700.0,Regular
2023-07-26T16:07:28.345Z,XBTUSD,Buy,14300,29314.0,ZeroMinusTick,5e5a8beb-39f5-f8d4-a150-965eaa7ba9a3,48782162,0.48782162,14300.0,Regular
2023-07-26T16:07:43.932Z,XBTUSD,Sell,5000,29313.5,MinusTick,8a28d5dc-fc6b-c8d1-e2b1-9a0748808134,17057000,0.17057,5000.0,Regular
2023-07-26T16:07:43.932Z,XBTUSD,Sell,5000,29313.5,ZeroMinusTick,5bf7331d-ab51-89c7-608b-a9f76ee4df14,17057000,0.17057,5000.0,Regular
2023-07-26T16:10:15.799Z,XBTUSD,Buy,100,29314.0,PlusTick,d4f6dfc7-6326-c1d1-bb54-e808fba67b9d,341134,0.00341134,100.0,Regular
2023-07-26T16:10:15.799Z,XBTUSD,Buy,400,29314.0,ZeroPlusTick,b5e779cc-6c14-7646-6429-beb9dc4cad36,1364536,0.01364536,400.0,Regular
2023-07-26T16:10:15.799Z,XBTUSD,Buy,4600,29314.0,ZeroPlusTick,1e38bc25-7cd2-f458-29be-5dd19fdc5261,15692164,0.15692164,4600.0,Regular
2023-07-26T16:10:15.799Z,XBTUSD,Buy,400,29314.0,ZeroPlusTick,ea9fbc80-b831-02c4-6c05-70cd684781b1,1364536,0.01364536,400.0,Regular
2023-07-26T16:10:15.799Z,XBTUSD,Buy,16100,29314.0,ZeroPlusTick,fdc1ccd1-ace0-cd30-0773-6ecae519a502,54922574,0.54922574,16100.0,Regular
2023-07-26T16:10:15.799Z,XBTUSD,Buy,100,29314.0,ZeroPlusTick,28d5de57-9c93-8ceb-4b03-fc8dfbb13b81,341134,0.00341134,100.0,Regular
2023-07-26T16:10:15.799Z,XBTUSD,Buy,17200,29314.0,ZeroPlusTick,57414b81-1266-a980-92e3-401ea825d4b0,58675048,0.58675048,17200.0,Regular
2023-07-26T16:10:15.799Z,XBTUSD,Buy,400,29314.0,ZeroPlusTick,01f304d8-a740-633d-ee20-765722700762,1364536,0.01364536,400.0,Regular
2023-07-26T16:10:15.799Z,XBTUSD,Buy,400,29314.0,ZeroPlusTick,ab5f3556-3cc6-0963-0675-52df526c7ff0,1364536,0.01364536,400.0,Regular
2023-07-26T16:10:15.799Z,XBTUSD,Buy,100,29314.0,ZeroPlusTick,c4651092-0083-3a70-f30b-2ffaeb51954c,341134,0.00341134,100.0,Regular
2023-07-26T16:10:15.799Z,XBTUSD,Buy,100,29314.0,ZeroPlusTick,b8de3ec6-ffff-a15a-dbf6-dd2bbf4cc580,341134,0.00341134,100.0,Regular
2023-07-26T16:10:15.799Z,XBTUSD,Buy,100,29314.0,ZeroPlusTick,7d798bb9-243a-a692-9e24-c0ee58b5793f,341134,0.00341134,100.0,Regular
2023-07-26T16:10:15.799Z,XBTUSD,Buy,200,29314.0,ZeroPlusTick,8ec54f9f-2ec2-35eb-a278-9aa2f533d8d5,682268,0.00682268,200.0,Regular
2023-07-26T16:10:15.799Z,XBTUSD,Buy,100,29314.0,ZeroPlusTick,b25b5191-e561-daa2-bf4e-63bd93f078b9,341134,0.00341134,100.0,Regular
2023-07-26T16:10:26.278Z,XBTUSD,Buy,10000,29315.0,PlusTick,edd772b4-b152-5e7c-9e78-584816fc4072,34112200,0.341122,10000.0,Regular
2023-07-26T16:10:51.007Z,XBTUSD,Buy,4300,29315.0,ZeroPlusTick,35e7e92c-0abf-46fb-a0ae-0b89788641f3,14668246,0.14668246,4300.0,Regular
2023-07-26T16:10:51.007Z,XBTUSD,Buy,100,29315.0,ZeroPlusTick,7605f7a2-cf1d-8750-30ec-4d532ff702a8,341122,0.00341122,100.0,Regular
2023-07-26T16:10:51.007Z,XBTUSD,Buy,100,29315.0,ZeroPlusTick,8e59cf37-4414-adb2-d905-70b8612fba0a,341122,0.00341122,100.0,Regular
2023-07-26T16:10:51.007Z,XBTUSD,Buy,100,29315.0,ZeroPlusTick,eb55556e-7328-ea16-892d-3744ecbb7cf7,341122,0.00341122,100.0,Regular
2023-07-26T16:10:51.007Z,XBTUSD,Buy,100,29315.0,ZeroPlusTick,414e5668-ed6d-e1b6-8e3d-24cd912eedca,341122,0.00341122,100.0,Regular
2023-07-26T16:10:51.007Z,XBTUSD,Buy,4500,29315.0,ZeroPlusTick,3844edfe-4aae-ad51-dcc5-c35f9e2c0e25,15350490,0.1535049,4500.0,Regular
2023-07-26T16:10:51.007Z,XBTUSD,Buy,500,29315.0,ZeroPlusTick,b85bc348-c105-e29c-81ab-bda1e4df04ff,1705610,0.0170561,500.0,Regular
2023-07-26T16:10:51.007Z,XBTUSD,Buy,300,29315.0,ZeroPlusTick,5a7ee033-9e55-bbd6-1418-f65fc4150735,1023366,0.01023366,300.0,Regular
2023-07-26T16:11:16.929Z,XBTUSD,Buy,700,29315.0,ZeroPlusTick,e1bbccd9-ab58-4f77-0aab-43da7a47c878,2387854,0.02387854,700.0,Regular
2023-07-26T16:11:16.929Z,XBTUSD,Buy,100,29315.0,ZeroPlusTick,1ae12785-c187-21d1-2370-a5a139c2a592,341122,0.00341122,100.0,Regular
2023-07-26T16:11:16.929Z,XBTUSD,Buy,100,29315.0,ZeroPlusTick,9c66dc50-18ee-f53c-ae13-1afec5fb0cfb,341122,0.00341122,100.0,Regular
2023-07-26T16:11:16.929Z,XBTUSD,Buy,1000,29315.0,ZeroPlusTick,f7904247-561c-b0e7-b186-622f1885e411,3411220,0.0341122,1000.0,Regular
2023-07-26T16:11:16.929Z,XBTUSD,Buy,1200,29315.0,ZeroPlusTick,7e4c3fb1-ee7f-ee2c-6223-9ab1c3fd8291,4093464,0.04093464,1200.0,Regular
2023-07-26T16:11:16.929Z,XBTUSD,Buy,100,29315.0,ZeroPlusTick,a7a88132-e2a3-fe98-f230-abbca3a470e8,341122,0.00341122,100.0,Regular
2023-07-26T16:11:16.929Z,XBTUSD,Buy,10000,29315.0,ZeroPlusTick,61125dc0-8871-43b9-8caf-fe18ee42b088,34112200,0.341122,10000.0,Regular
2023-07-26T16:11:16.929Z,XBTUSD,Buy,10000,29315.0,ZeroPlusTick,972e491e-92eb-0cc9-6b96-01472384d220,34112200,0.341122,10000.0,Regular
2023-07-26T16:11:16.929Z,XBTUSD,Buy,100,29315.0,ZeroPlusTick,400630be-4b98-3314-271b-34640450b964,341122,0.00341122,100.0,Regular
2023-07-26T16:11:16.929Z,XBTUSD,Buy,2200,29315.0,ZeroPlusTick,b5206798-8acc-10ab-1bb0-887f9da2472f,7504684,0.07504684,2200.0,Regular
2023-07-26T16:11:16.929Z,XBTUSD,Buy,24500,29315.0,ZeroPlusTick,6eef109c-0913-3b1d-93aa-3c852a851976,83574890,0.8357489,24500.0,Regular
2023-07-26T16:11:17.401Z,XBTUSD,Sell,2100,29314.5,MinusTick,6f8fc98a-2852-c101-e5c3-739620ec2866,7163688,0.07163688,2100.0,Regular
2023-07-26T16:11:17.401Z,XBTUSD,Sell,100,29314.5,ZeroMinusTick,cdbf46bb-ea3e-5669-ced9-eafda7756500,341128,0.00341128,100.0,Regular
2023-07-26T16:11:17.401Z,XBTUSD,Sell,1000,29314.5,ZeroMinusTick,02aaa988-f0cc-8a1d-b1d9-b10a99a54303,3411280,0.0341128,1000.0,Regular
2023-07-26T16:11:17.401Z,XBTUSD,Sell,5400,29314.5,ZeroMinusTick,9ad1830c-9bc9-92d3-019c-f0edaf3dc80e,18420912,0.18420912,5400.0,Regular
2023-07-26T16:11:17.401Z,XBTUSD,Sell,600,29314.5,ZeroMinusTick,894b4116-c121-00b9-0f67-8dedf5573027,2046768,0.02046768,600.0,Regular
2023-07-26T16:11:17.401Z,XBTUSD,Sell,4200,29314.5,ZeroMinusTick,de96b198-88f1-b446-efd3-f69506d7c809,14327376,0.14327376,4200.0,Regular
2023-07-26T16:11:34.214Z,XBTUSD,Sell,4000,29313.5,MinusTick,1d2be68e-fc84-d83f-9782-3400b63d5879,13645600,0.136456,4000.0,Regular
2023-07-26T16:11:34.214Z,XBTUSD,Sell,16000,29313.5,ZeroMinusTick,be303545-5340-3077-53d9-ba099aad86e0,54582400,0.545824,16000.0,Regular
2023-07-26T16:11:41.111Z,XBTUSD,Sell,18500,29313.5,ZeroMinusTick,cfaf0017-f4cc-17ca-89f4-68e01a19a7fc,63110900,0.631109,18500.0,Regular
2023-07-26T16:11:41.116Z,XBTUSD,Sell,55900,29312.5,MinusTick,dea90ae2-3407-9680-e8a6-089d7a9ad130,190703409,1.90703409,55900.0,Regular
2023-07-26T16:12:07.643Z,XBTUSD,Buy,400,29310.5,MinusTick,4053d3e4-5ba5-fcf6-4da5-708e7ae343f7,1364700,0.013647,400.0,Regular
2023-07-26T16:12:07.643Z,XBTUSD,Buy,300,29310.5,ZeroMinusTick,869fd46a-5abc-6f9c-f0a3-cad5bb0e18a8,1023525,0.01023525,300.0,Regular
2023-07-26T16:12:07.643Z,XBTUSD,Buy,600,29310.5,ZeroMinusTick,77e971ea-3b83-2b17-8f64-e334bbaa2d6e,2047050,0.0204705,600.0,Regular
2023-07-26T16:12:07.643Z,XBTUSD,Buy,4600,29310.5,ZeroMinusTick,0e984a9e-4487-80ca-0307-ca67172815a4,15694050,0.1569405,4600.0,Regular
2023-07-26T16:12:07.643Z,XBTUSD,Buy,100,29310.5,ZeroMinusTick,1dd32957-12f2-602c-9bcb-8b64ec440b86,341175,0.00341175,100.0,Regular
2023-07-26T16:12:07.643Z,XBTUSD,Buy,50400,29310.5,ZeroMinusTick,ac493a63-ae20-679e-9cde-3820b9415310,171952200,1.719522,50400.0,Regular
2023-07-26T16:12:07.643Z,XBTUSD,Buy,300,29310.5,ZeroMinusTick,f45c3874-4dd6-2d34-971f-04f80c641217,1023525,0.01023525,300.0,Regular
2023-07-26T16:12:07.643Z,XBTUSD,Buy,21900,29310.5,ZeroMinusTick,6d944a22-8a4b-5ebd-e47f-e59eff63bf66,74717325,0.74717325,21900.0,Regular
2023-07-26T16:12:07.643Z,XBTUSD,Buy,9000,29310.5,ZeroMinusTick,d01cf9ed-77fc-16e5-1977-43dc2753b588,30705750,0.3070575,9000.0,Regular
2023-07-26T16:12:07.643Z,XBTUSD,Buy,400,29310.5,ZeroMinusTick,e6c67d5e-b622-635e-81d3-e89bd86766a7,1364700,0.013647,400.0,Regular
2023-07-26T16:12:07.764Z,XBTUSD,Buy,1300,29311.0,PlusTick,2932c2a9-d11f-bef6-1725-b073ede960fe,4435197,0.04435197,1300.0,Regular
2023-07-26T16:12:31.767Z,XBTUSD,Buy,500,29312.0,PlusTick,eb93c281-6dc0-ed65-b018-6767da0bbe92,1705785,0.01705785,500.0,Regular
2023-07-26T16:13:03.644Z,XBTUSD,Sell,100,29311.5,MinusTick,90e7454f-e0ed-09bf-99d5-689725d76b05,341163,0.00341163,100.0,Regular
2023-07-26T16:13:33.577Z,XBTUSD,Sell,55900,29311.0,MinusTick,9874a667-362f-f420-e6a4-8cfed778023a,190713471,1.90713471,55900.0,Regular
2023-07-26T16:13:33.577Z,XBTUSD,Sell,1000,29311.0,ZeroMinusTick,7aba697a-50c3-ca65-371c-e7a4d5102acc,3411690,0.0341169,1000.0,Regular
2023-07-26T16:13:33.577Z,XBTUSD,Sell,300,29311.0,ZeroMinusTick,50883fba-9f7d-0247-20e1-e2a8803cc08c,1023507,0.01023507,300.0,Regular
2023-07-26T16:13:33.577Z,XBTUSD,Sell,40500,29311.0,ZeroMinusTick,d525041a-2e21-0a3b-c4fc-c7e55c9eec4f,138173445,1.38173445,40500.0,Regular
2023-07-26T16:13:33.577Z,XBTUSD,Sell,300,29310.5,MinusTick,2cea6a09-3e61-90a9-b197-5f9105e89d6f,1023525,0.01023525,300.0,Regular
2023-07-26T16:13:33.577Z,XBTUSD,Sell,300,29310.5,ZeroMinusTick,39096669-8ab7-ccd9-a819-2050e926fc57,1023525,0.01023525,300.0,Regular
2023-07-26T16:13:33.577Z,XBTUSD,Sell,100,29310.0,MinusTick,dce58f03-6f07-4917-d2eb-f39eaa1fcdee,341180,0.0034118,100.0,Regular
2023-07-26T16:13:33.577Z,XBTUSD,Sell,48500,29310.0,ZeroMinusTick,e5a1be9b-423e-a347-17ad-b66949720fe4,165472300,1.654723,48500.0,Regular
2023-07-26T16:13:33.577Z,XBTUSD,Sell,100,29309.5,MinusTick,5adcc835-8397-ae0f-7567-b56c2d7c156f,341186,0.00341186,100.0,Regular
2023-07-26T16:13:33.577Z,XBTUSD,Sell,51300,29309.5,ZeroMinusTick,7a38ef9c-3b24-b00c-f383-b78ce3b737ae,175028418,1.75028418,51300.0,Regular
2023-07-26T16:13:33.577Z,XBTUSD,Sell,80700,29309.0,MinusTick,2dadefb3-919e-4d9f-e062-150c8d517a1e,275341944,2.75341944,80700.0,Regular
2023-07-26T16:13:33.577Z,XBTUSD,Sell,3300,29308.5,MinusTick,3825db26-e607-0431-1966-8f70fbbf4db6,11259534,0.11259534,3300.0,Regular
2023-07-26T16:13:33.577Z,XBTUSD,Sell,43300,29308.5,ZeroMinusTick,7abc1355-da76-a1fb-e4f3-06f5e4af676d,147738734,1.47738734,43300.0,Regular
2023-07-26T16:13:33.577Z,XBTUSD,Sell,3300,29308.0,MinusTick,3c927759-0f4b-86df-dab6-6d40bdd4cc3a,11259732,0.11259732,3300.0,Regular
2023-07-26T16:13:33.577Z,XBTUSD,Sell,80800,29308.0,ZeroMinusTick,485b0402-ee70-cf34-7277-0a1aa49ee46b,275692832,2.75692832,80800.0,Regular
2023-07-26T16:13:33.577Z,XBTUSD,Sell,18900,29308.0,ZeroMinusTick,0e8c348f-f2c3-3039-178e-78c501e77a9e,64487556,0.64487556,18900.0,Regular
2023-07-26T16:13:33.609Z,XBTUSD,Sell,43700,29308.0,ZeroMinusTick,d5c77f06-fabc-f383-02a1-55d287104b5f,149106148,1.49106148,43700.0,Regular
2023-07-26T16:13:33.609Z,XBTUSD,Sell,1900,29307.5,MinusTick,694069bc-5adb-d28c-d039-6a4c3f2dea46,6482990,0.0648299,1900.0,Regular
2023-07-26T16:13:33.651Z,XBTUSD,Sell,4800,29307.5,ZeroMinusTick,8c53c105-90a6-6851-f283-e7e65f95aad2,16378080,0.1637808,4800.0,Regular
2023-07-26T16:13:33.651Z,XBTUSD,Sell,3300,29307.5,ZeroMinusTick,edcbfa89-16b1-60ae-e292-35d343e31ad3,11259930,0.1125993,3300.0,Regular
2023-07-26T16:13:33.651Z,XBTUSD,Sell,10000,29307.5,ZeroMinusTick,477fceac-9b6e-9337-6515-c6dcf16b8f0c,34121000,0.34121,10000.0,Regular
2023-07-26T16:13:43.090Z,XBTUSD,Sell,1000,29305.0,MinusTick,a15bef37-f5d5-096e-baf3-3e51e3408070,3412390,0.0341239,1000.0,Regular
2023-07-26T16:13:43.090Z,XBTUSD,Sell,100,29302.0,MinusTick,e19b5452-224e-ea43-70e1-6ba9752832d3,341274,0.00341274,100.0,Regular
2023-07-26T16:13:43.090Z,XBTUSD,Sell,8800,29302.0,ZeroMinusTick,7be0131f-8cd3-eee5-67a1-25404ad4e1a0,30032112,0.30032112,8800.0,Regular
2023-07-26T16:13:43.090Z,XBTUSD,Sell,5100,29302.0,ZeroMinusTick,74bf78b0-8ec6-f83b-f514-447c19c1b859,17404974,0.17404974,5100.0,Regular
2023-07-26T16:13:53.173Z,XBTUSD,Buy,100,29302.5,PlusTick,d4510ea9-c1ab-514d-c988-96a5fce32376,341268,0.00341268,100.0,Regular
2023-07-26T16:13:54.902Z,XBTUSD,Sell,7300,29302.0,MinusTick,7e9e1ec4-f615-22c3-684c-939788565e49,24913002,0.24913002,7300.0,Regular
2023-07-26T16:13:54.902Z,XBTUSD,Sell,300,29302.0,ZeroMinusTick,7c4f0f4d-84d6-8a34-1437-12582be9055d,1023822,0.01023822,300.0,Regular
2023-07-26T16:13:54.902Z,XBTUSD,Sell,300,29302.0,ZeroMinusTick,90aebb28-0a2d-2c19-12ff-062afeada9aa,1023822,0.01023822,300.0,Regular
2023-07-26T16:13:54.902Z,XBTUSD,Sell,8800,29302.0,ZeroMinusTick,6e190527-2a36-5231-1c70-a570a0bf7f1f,30032112,0.30032112,8800.0,Regular
2023-07-26T16:13:54.902Z,XBTUSD,Sell,36100,29301.5,MinusTick,cac0a29a-c1af-369e-43e7-609b35c79f13,123201719,1.23201719,36100.0,Regular
2023-07-26T16:13:54.902Z,XBTUSD,Sell,2200,29301.0,MinusTick,14feddd3-f614-b640-a916-296292505277,7508270,0.0750827,2200.0,Regular
2023-07-26T16:13:54.902Z,XBTUSD,Sell,55900,29301.0,ZeroMinusTick,d91f0148-f15f-b85b-0fea-16470959c3bb,190778315,1.90778315,55900.0,Regular
2023-07-26T16:13:54.902Z,XBTUSD,Sell,80600,29300.5,MinusTick,198914db-44c6-1e85-e7b2-e3f4a448326c,275080546,2.75080546,80600.0,Regular
2023-07-26T16:13:54.902Z,XBTUSD,Sell,100,29300.0,MinusTick,63bca60a-e304-1ffb-aecc-b875b78b2056,341297,0.00341297,100.0,Regular
2023-07-26T16:13:54.902Z,XBTUSD,Sell,100,29300.0,ZeroMinusTick,67eb8895-8fe0-5d05-5787-7fd7dd521dd6,341297,0.00341297,100.0,Regular
2023-07-26T16:13:54.902Z,XBTUSD,Sell,800,29300.0,ZeroMinusTick,3c78749b-8211-5c7b-a625-6db0af2c4bf2,2730376,0.02730376,800.0,Regular
2023-07-26T16:13:54.902Z,XBTUSD,Sell,2200,29300.0,ZeroMinusTick,07db48f4-7568-353a-b8de-8a393006705a,7508534,0.07508534,2200.0,Regular
2023-07-26T16:13:54.902Z,XBTUSD,Sell,5800,29299.5,MinusTick,2c4c6538-73d7-7124-dbda-29a29c815fa7,19795574,0.19795574,5800.0,Regular
2023-07-26T16:13:54.902Z,XBTUSD,Sell,3300,29299.5,ZeroMinusTick,dc647071-59d0-5ae5-838d-e7f129441fa9,11262999,0.11262999,3300.0,Regular
2023-07-26T16:13:54.902Z,XBTUSD,Sell,45000,29299.5,ZeroMinusTick,aea92c56-18ad-7377-1ad6-c7deaa330093,153586350,1.5358635,45000.0,Regular
2023-07-26T16:13:54.902Z,XBTUSD,Sell,800,29299.5,ZeroMinusTick,eedbabc8-90dc-0fd1-6789-59a0c4566f4a,2730424,0.02730424,800.0,Regular
2023-07-26T16:13:54.902Z,XBTUSD,Sell,3300,29299.0,MinusTick,fddafb51-e4b4-f0f9-651b-aeb13f5f5b4d,11263197,0.11263197,3300.0,Regular
2023-07-26T16:13:54.902Z,XBTUSD,Sell,20500,29299.0,ZeroMinusTick,36058e4e-097f-e143-3e2a-9993444a0bc0,69968345,0.69968345,20500.0,Regular
2023-07-26T16:13:54.910Z,XBTUSD,Sell,60100,29299.0,ZeroMinusTick,41c2e7c8-31bb-6577-aa1a-c1398a048383,205126709,2.05126709,60100.0,Regular
2023-07-26T16:13:54.910Z,XBTUSD,Sell,100,29299.0,ZeroMinusTick,732e4fc1-2ff7-9603-7125-924534dde8aa,341309,0.00341309,100.0,Regular
2023-07-26T16:13:54.910Z,XBTUSD,Sell,3300,29298.5,MinusTick,886266c0-4137-3eaa-6025-f61f2dfdefdb,11263362,0.11263362,3300.0,Regular
2023-07-26T16:13:54.910Z,XBTUSD,Sell,10100,29298.5,ZeroMinusTick,53760eb7-79f1-ce70-4fac-c18b02b5cb21,34472714,0.34472714,10100.0,Regular
2023-07-26T16:13:55.096Z,XBTUSD,Sell,3000,29299.5,PlusTick,2e8fd73b-ea6e-3a06-73cc-8c4f6674ef63,10239090,0.1023909,3000.0,Regular
2023-07-26T16:13:55.096Z,XBTUSD,Sell,2000,29299.5,ZeroPlusTick,077ce699-28cc-b5b7-90de-0d801225f63c,6826060,0.0682606,2000.0,Regular
2023-07-26T16:13:55.098Z,XBTUSD,Buy,29300,29300.0,PlusTick,31a9f7c7-c25d-2c33-1887-d92d40e1dffa,100000021,1.00000021,29300.0,Regular
2023-07-26T16:13:55.656Z,XBTUSD,Buy,29300,29298.5,MinusTick,6fee74fd-70e3-1835-7cf4-d1d5378dac60,100005002,1.00005002,29300.0,Regular
2023-07-26T16:13:55.656Z,XBTUSD,Buy,80300,29298.5,ZeroMinusTick,566e29df-a925-59ce-1e19-6330b81702fd,274075142,2.74075142,80300.0,Regular
2023-07-26T16:13:55.656Z,XBTUSD,Buy,40500,29298.5,ZeroMinusTick,66c01d01-630a-9e53-c885-6f2c5a81b2d8,138232170,1.3823217,40500.0,Regular
2023-07-26T16:13:55.656Z,XBTUSD,Buy,15000,29298.5,ZeroMinusTick,de2c121a-e7dc-9f4b-823e-ec824c51749d,51197100,0.511971,15000.0,Regular
2023-07-26T16:13:55.656Z,XBTUSD,Buy,10000,29298.5,ZeroMinusTick,eb406e1e-c4a1-f0b3-1437-9adeaedaaa52,34131400,0.341314,10000.0,Regular
2023-07-26T16:13:55.656Z,XBTUSD,Buy,6100,29298.5,ZeroMinusTick,80f94c05-0f34-ce1a-37a3-7be17c1991ba,20820154,0.20820154,6100.0,Regular
2023-07-26T16:13:55.656Z,XBTUSD,Buy,31000,29298.5,ZeroMinusTick,940baa94-401d-f802-2ea7-950b68daca91,105807340,1.0580734,31000.0,Regular
2023-07-26T16:13:55.656Z,XBTUSD,Buy,9100,29298.5,ZeroMinusTick,6ade6272-1cb9-6f5c-d6bd-0d9ab70979b3,31059574,0.31059574,9100.0,Regular
2023-07-26T16:13:55.656Z,XBTUSD,Buy,6000,29298.5,ZeroMinusTick,54478703-eb44-9dc7-07df-62311dafccd1,20478840,0.2047884,6000.0,Regular
2023-07-26T16:13:55.666Z,XBTUSD,Buy,10000,29299.0,PlusTick,9e14a98a-31ac-1249-f93a-9a661bb362de,34130900,0.341309,10000.0,Regular
2023-07-26T16:13:55.666Z,XBTUSD,Buy,40100,29299.0,ZeroPlusTick,a26a1290-d1cf-d4b4-9934-39bce47e62a9,136864909,1.36864909,40100.0,Regular
2023-07-26T16:13:55.667Z,XBTUSD,Buy,200,29299.0,ZeroPlusTick,c552f9e0-82e9-46c9-5b9b-9e6c92ae58de,682618,0.00682618,200.0,Regular
2023-07-26T16:13:55.667Z,XBTUSD,Buy,50100,29299.0,ZeroPlusTick,4ba45def-6209-91fa-c0e7-7fdc93ee6f6d,170995809,1.70995809,50100.0,Regular
2023-07-26T16:13:55.675Z,XBTUSD,Buy,18700,29299.0,ZeroPlusTick,0a39f835-1196-0e2f-fa9a-304b57f33bf1,63824783,0.63824783,18700.0,Regular
2023-07-26T16:13:55.931Z,XBTUSD,Buy,40500,29299.0,ZeroPlusTick,0349836b-cddf-07ea-1d12-842988d428cb,138230145,1.38230145,40500.0,Regular
2023-07-26T16:13:55.931Z,XBTUSD,Buy,23500,29299.0,ZeroPlusTick,799fd3ea-2f26-2473-7df4-3bfe8c9f26b7,80207615,0.80207615,23500.0,Regular
2023-07-26T16:14:17.620Z,XBTUSD,Sell,29300,29299.0,ZeroPlusTick,9f6c44e3-8787-b9ce-0562-145ac924d1a6,100003537,1.00003537,29300.0,Regular
2023-07-26T16:14:17.620Z,XBTUSD,Sell,300,29299.0,ZeroPlusTick,bc8f892e-da5c-4b84-9ac7-038da095dbd0,1023927,0.01023927,300.0,Regular
2023-07-26T16:14:17.620Z,XBTUSD,Sell,300,29299.0,ZeroPlusTick,d2b85e29-b856-5f4d-439c-4d43c13e3a16,1023927,0.01023927,300.0,Regular
2023-07-26T16:14:19.778Z,XBTUSD,Buy,29200,29299.0,ZeroPlusTick,b3ee1b53-dacb-8dc8-af91-b6c0ad98c7db,99662228,0.99662228,29200.0,Regular
2023-07-26T16:14:19.778Z,XBTUSD,Buy,40500,29299.0,ZeroPlusTick,132c5481-df21-6ec7-cb9b-12f5bd3ae114,138230145,1.38230145,40500.0,Regular
2023-07-26T16:14:19.778Z,XBTUSD,Buy,10000,29299.0,ZeroPlusTick,da3388aa-42e0-8f7d-dd2e-d94fa850d516,34130900,0.341309,10000.0,Regular
2023-07-26T16:14:19.778Z,XBTUSD,Buy,19500,29299.0,ZeroPlusTick,5f31685a-d77d-89a1-bf2a-308440b8cf92,66555255,0.66555255,19500.0,Regular
2023-07-26T16:14:19.778Z,XBTUSD,Buy,22500,29299.0,ZeroPlusTick,bd1f78f1-abcb-08dd-2770-7eb020ee5dc0,76794525,0.76794525,22500.0,Regular
2023-07-26T16:14:19.778Z,XBTUSD,Buy,20400,29299.5,PlusTick,cd48b499-770f-57b7-2f73-6379efdc07e1,69625812,0.69625812,20400.0,Regular
2023-07-26T16:14:19.778Z,XBTUSD,Buy,7200,29299.5,ZeroPlusTick,52845880-4e02-08a3-b830-aea6228a5599,24573816,0.24573816,7200.0,Regular
2023-07-26T16:14:19.778Z,XBTUSD,Buy,23700,29299.5,ZeroPlusTick,0184e311-40ac-9a5c-4178-41a59f89e58b,80888811,0.80888811,23700.0,Regular
2023-07-26T16:14:19.778Z,XBTUSD,Buy,2200,29299.5,ZeroPlusTick,b79c258e-fc28-176c-cbe1-9e95b11cc77a,7508666,0.07508666,2200.0,Regular
2023-07-26T16:14:19.778Z,XBTUSD,Buy,6600,29299.5,ZeroPlusTick,549b05a0-218a-4fb7-f95a-abf9c0a98afe,22525998,0.22525998,6600.0,Regular
2023-07-26T16:14:19.778Z,XBTUSD,Buy,5500,29299.5,ZeroPlusTick,fca47093-5fa5-8608-00d5-22326bbdc1b4,18771665,0.18771665,5500.0,Regular
2023-07-26T16:14:19.778Z,XBTUSD,Buy,100,29299.5,ZeroPlusTick,f0ad70cf-062f-e67a-a685-5a3dca343e0f,341303,0.00341303,100.0,Regular
2023-07-26T16:14:19.778Z,XBTUSD,Buy,100,29299.5,ZeroPlusTick,d5df0a43-0f3f-b327-2a0c-3c1e725a013d,341303,0.00341303,100.0,Regular
2023-07-26T16:14:19.778Z,XBTUSD,Buy,22800,29299.5,ZeroPlusTick,f77277a6-0790-3859-c30b-df757f26cbfa,77817084,0.77817084,22800.0,Regular
2023-07-26T16:14:19.778Z,XBTUSD,Buy,13700,29299.5,ZeroPlusTick,ebc4c04f-02d6-3943-b5a2-5ecf57917913,46758511,0.46758511,13700.0,Regular
2023-07-26T16:14:19.778Z,XBTUSD,Buy,800,29299.5,ZeroPlusTick,e0619b81-ebfd-8f63-51b6-c38e0d652476,2730424,0.02730424,800.0,Regular
2023-07-26T16:14:19.778Z,XBTUSD,Buy,70200,29299.5,ZeroPlusTick,23544c05-b1f8-d12e-6b34-b6c6bee70efb,239594706,2.39594706,70200.0,Regular
2023-07-26T16:14:19.778Z,XBTUSD,Buy,2800,29299.5,ZeroPlusTick,c56dd548-366b-fc3c-0663-72ec52b3283d,9556484,0.09556484,2800.0,Regular
2023-07-26T16:14:19.778Z,XBTUSD,Buy,500,29299.5,ZeroPlusTick,d290c91a-e0de-f12e-c60d-f5df17aff7c5,1706515,0.01706515,500.0,Regular
2023-07-26T16:14:19.778Z,XBTUSD,Buy,8700,29299.5,ZeroPlusTick,f804a4a0-978d-f092-8d8a-0e9ff300a16f,29693361,0.29693361,8700.0,Regular
2023-07-26T16:14:19.778Z,XBTUSD,Buy,800,29299.5,ZeroPlusTick,fee3c2b2-a2b3-8ab0-3ead-706db6488646,2730424,0.02730424,800.0,Regular
2023-07-26T16:14:19.778Z,XBTUSD,Buy,10400,29299.5,ZeroPlusTick,75acb28a-88f6-ca2a-dd69-177bc6c69284,35495512,0.35495512,10400.0,Regular
2023-07-26T16:14:19.778Z,XBTUSD,Buy,100,29299.5,ZeroPlusTick,f35e51c5-8854-01c9-94b4-b77077fd729c,341303,0.00341303,100.0,Regular
2023-07-26T16:14:19.778Z,XBTUSD,Buy,11600,29299.5,ZeroPlusTick,c8f0578a-1d34-ef05-3279-112df099520f,39591148,0.39591148,11600.0,Regular
2023-07-26T16:14:19.778Z,XBTUSD,Buy,100,29299.5,ZeroPlusTick,49dc0e82-17f7-6240-b0bd-8fd1ddaaf887,341303,0.00341303,100.0,Regular
2023-07-26T16:14:19.778Z,XBTUSD,Buy,51000,29299.5,ZeroPlusTick,2907eeba-bea1-51d8-5781-abb29c6129f2,174064530,1.7406453,51000.0,Regular
2023-07-26T16:14:19.778Z,XBTUSD,Buy,40500,29299.5,ZeroPlusTick,464c9ac7-af14-c406-a365-fd769e5a9621,138227715,1.38227715,40500.0,Regular
2023-07-26T16:14:19.778Z,XBTUSD,Buy,40500,29299.5,ZeroPlusTick,4aa1a569-03bc-9f37-3cbf-cf7b635e4757,138227715,1.38227715,40500.0,Regular
2023-07-26T16:14:19.778Z,XBTUSD,Buy,1300,29300.0,PlusTick,76c5f601-cc12-225f-fcdd-0d26e94bff20,4436861,0.04436861,1300.0,Regular
2023-07-26T16:14:26.448Z,XBTUSD,Buy,10000,29300.0,ZeroPlusTick,91bb375d-ce7f-4e7e-e477-93e25af28ae5,34129700,0.341297,10000.0,Regular
2023-07-26T16:14:26.448Z,XBTUSD,Buy,10000,29300.0,ZeroPlusTick,0d796945-a0a4-8d09-3f53-fd61e76a2886,34129700,0.341297,10000.0,Regular
2023-07-26T16:14:36.407Z,XBTUSD,Sell,300,29299.5,MinusTick,b5ae5d7f-b24d-1dbc-9c23-bdbf17dea25e,1023909,0.01023909,300.0,Regular
2023-07-26T16:14:36.407Z,XBTUSD,Sell,300,29299.5,ZeroMinusTick,f7ba9b5c-2f34-f560-0a5c-bac8758dfb2a,1023909,0.01023909,300.0,Regular
2023-07-26T16:14:36.407Z,XBTUSD,Sell,22600,29299.5,ZeroMinusTick,d74b2e42-0aa4-1d1d-f413-3a664e21369e,77134478,0.77134478,22600.0,Regular
2023-07-26T16:14:36.418Z,XBTUSD,Sell,32000,29299.5,ZeroMinusTick,180a8193-c7e8-9d43-f52a-9a5e7faa4e93,109216960,1.0921696,32000.0,Regular
2023-07-26T16:14:36.429Z,XBTUSD,Sell,35300,29299.5,ZeroMinusTick,22bdd273-869b-9e1d-d271-24475728797e,120479959,1.20479959,35300.0,Regular
2023-07-26T16:14:40.475Z,XBTUSD,Sell,22000,29299.5,ZeroMinusTick,d83e02eb-2bea-8684-b200-873ff1232149,75086660,0.7508666,22000.0,Regular
2023-07-26T16:14:40.475Z,XBTUSD,Sell,17400,29299.5,ZeroMinusTick,81215fb2-2fc8-37c2-e371-2dfdebdf0395,59386722,0.59386722,17400.0,Regular
2023-07-26T16:14:42.229Z,XBTUSD,Sell,23100,29299.5,ZeroMinusTick,5ed1cd8f-ef34-23c0-311e-79cfdae30395,78840993,0.78840993,23100.0,Regular
2023-07-26T16:14:42.229Z,XBTUSD,Sell,300,29299.5,ZeroMinusTick,6ad84443-b4db-f32a-b01b-9d7358039fd3,1023909,0.01023909,300.0,Regular
2023-07-26T16:14:42.229Z,XBTUSD,Sell,300,29299.5,ZeroMinusTick,1b236e7d-5b5b-7ec9-1478-6fcb57173052,1023909,0.01023909,300.0,Regular
2023-07-26T16:14:49.941Z,XBTUSD,Sell,300,29299.0,MinusTick,bbf6d2a4-355d-0407-54e2-9e7dd9cbc369,1023927,0.01023927,300.0,Regular
2023-07-26T16:14:49.941Z,XBTUSD,Sell,300,29299.0,ZeroMinusTick,f947d757-cdcb-d832-d4d1-258c39c2db67,1023927,0.01023927,300.0,Regular
2023-07-26T16:14:49.941Z,XBTUSD,Sell,8800,29298.5,MinusTick,7181e117-a88e-df95-0da8-eff53e3991a3,30035632,0.30035632,8800.0,Regular
2023-07-26T16:14:49.941Z,XBTUSD,Sell,41900,29298.5,ZeroMinusTick,88053431-39fa-99ca-54c9-8244f9269bab,143010566,1.43010566,41900.0,Regular
2023-07-26T16:14:50.030Z,XBTUSD,Sell,800,29298.0,MinusTick,0ef0f8a8-d6db-492e-ce78-426bc1502e38,2730560,0.0273056,800.0,Regular
2023-07-26T16:14:50.030Z,XBTUSD,Sell,900,29298.0,ZeroMinusTick,7e235f27-8ea1-a8b5-1f5a-1d180fd05e9a,3071880,0.0307188,900.0,Regular
2023-07-26T16:14:50.030Z,XBTUSD,Sell,12400,29298.0,ZeroMinusTick,7037283e-252c-7c55-caf8-ecf23f070493,42323680,0.4232368,12400.0,Regular
2023-07-26T16:14:50.030Z,XBTUSD,Sell,8800,29298.0,ZeroMinusTick,05c2ac15-8d01-7bf6-5a3f-ac548d689605,30036160,0.3003616,8800.0,Regular
2023-07-26T16:14:50.030Z,XBTUSD,Sell,6700,29297.5,MinusTick,764b4ada-97f5-802b-e91d-a352445265ad,22868842,0.22868842,6700.0,Regular
2023-07-26T16:14:50.030Z,XBTUSD,Sell,34800,29297.5,ZeroMinusTick,77550a1d-c855-eaea-f995-5b0a5f0bd7f3,118781448,1.18781448,34800.0,Regular
2023-07-26T16:14:50.030Z,XBTUSD,Sell,55900,29297.0,MinusTick,e1b006f9-6fcf-020d-445d-4c0239f683b8,190804588,1.90804588,55900.0,Regular
2023-07-26T16:14:50.030Z,XBTUSD,Sell,800,29297.0,ZeroMinusTick,6da1065f-b083-8bc1-5673-9dc70bb3929c,2730656,0.02730656,800.0,Regular
2023-07-26T16:14:50.030Z,XBTUSD,Sell,2200,29297.0,ZeroMinusTick,1d157cc8-3db8-2e53-dc46-f66e5a7fd211,7509304,0.07509304,2200.0,Regular
2023-07-26T16:14:50.030Z,XBTUSD,Sell,800,29296.5,MinusTick,967bbaad-dac5-57eb-1192-aed8a7811f44,2730704,0.02730704,800.0,Regular
2023-07-26T16:14:50.030Z,XBTUSD,Sell,2200,29296.0,MinusTick,4e56f2da-fc6f-af13-74fe-49fe015b0b67,7509568,0.07509568,2200.0,Regular
2023-07-26T16:14:50.030Z,XBTUSD,Sell,3300,29295.5,MinusTick,33fcf402-eeda-35b0-a4c3-67176137a5ec,11264517,0.11264517,3300.0,Regular
2023-07-26T16:14:50.030Z,XBTUSD,Sell,3300,29295.0,MinusTick,0c0ae0ec-f67a-5dad-a2b3-c4f065902f62,11264715,0.11264715,3300.0,Regular
2023-07-26T16:14:50.030Z,XBTUSD,Sell,2800,29295.0,ZeroMinusTick,e6ee183d-88b3-3bc6-1d8c-a9a05fe82365,9557940,0.0955794,2800.0,Regular
2023-07-26T16:14:50.030Z,XBTUSD,Sell,3300,29294.5,MinusTick,2bbefc85-426f-69ed-db04-a5bbff84994c,11264913,0.11264913,3300.0,Regular
2023-07-26T16:14:50.030Z,XBTUSD,Sell,3300,29294.0,MinusTick,054b9be4-17f4-c81e-caa5-fda02a4e2269,11265111,0.11265111,3300.0,Regular
2023-07-26T16:14:50.030Z,XBTUSD,Sell,3300,29293.5,MinusTick,a916c299-4860-e06b-b9cc-9c9541aad659,11265309,0.11265309,3300.0,Regular
2023-07-26T16:14:50.030Z,XBTUSD,Sell,203500,29293.5,ZeroMinusTick,8a322b8d-e3b5-5049-d1f6-726144791d41,694694055,6.94694055,203500.0,Regular
2023-07-26T16:14:50.030Z,XBTUSD,Sell,100,29293.0,MinusTick,0ac1dd3b-6e30-6002-656b-251bdd3a84f3,341378,0.00341378,100.0,Regular
2023-07-26T16:14:50.030Z,XBTUSD,Sell,3300,29293.0,ZeroMinusTick,8ff07330-da56-8918-3202-863b7b73cdd7,11265474,0.11265474,3300.0,Regular
2023-07-26T16:14:50.030Z,XBTUSD,Sell,200,29293.0,ZeroMinusTick,0ab9a8f4-d7ae-a352-02a0-de1ea5bcacb7,682756,0.00682756,200.0,Regular
2023-07-26T16:14:50.030Z,XBTUSD,Sell,8000,29293.0,ZeroMinusTick,823df526-70f8-1932-e453-3bb27cd37566,27310240,0.2731024,8000.0,Regular
2023-07-26T16:14:50.030Z,XBTUSD,Sell,192100,29293.0,ZeroMinusTick,ca15873a-3645-2b2b-dc6a-a705c29fd959,655787138,6.55787138,192100.0,Regular
2023-07-26T16:14:50.641Z,XBTUSD,Buy,5300,29295.0,PlusTick,10660750-d661-3223-e832-a7bc5f735964,18091815,0.18091815,5300.0,Regular
2023-07-26T16:14:50.641Z,XBTUSD,Buy,40500,29295.0,ZeroPlusTick,ab15eca2-20a7-67cb-f3ff-26b9d69b53c3,138248775,1.38248775,40500.0,Regular
2023-07-26T16:14:50.641Z,XBTUSD,Buy,15000,29295.0,ZeroPlusTick,2c7d7c35-8d50-0b1e-71dc-afa06fdfb968,51203250,0.5120325,15000.0,Regular
2023-07-26T16:14:50.651Z,XBTUSD,Buy,40500,29295.5,PlusTick,36e957b4-9bdb-a3fe-7d42-95866131c192,138246345,1.38246345,40500.0,Regular
2023-07-26T16:14:50.651Z,XBTUSD,Buy,40500,29295.5,ZeroPlusTick,9306140d-804d-fdef-ce39-25c6a9798d9c,138246345,1.38246345,40500.0,Regular
2023-07-26T16:14:52.029Z,XBTUSD,Buy,40500,29295.0,MinusTick,09848dd8-43ce-b131-33eb-c16b96aa31de,138248775,1.38248775,40500.0,Regular
2023-07-26T16:14:52.029Z,XBTUSD,Buy,10000,29295.0,ZeroMinusTick,7993e1ee-aa5a-9f07-a1f9-f816362105f0,34135500,0.341355,10000.0,Regular
2023-07-26T16:14:52.029Z,XBTUSD,Buy,100,29295.0,ZeroMinusTick,7069014f-1f9c-ce7e-a560-0f0f717cafe4,341355,0.00341355,100.0,Regular
2023-07-26T16:14:52.465Z,XBTUSD,Buy,10000,29296.0,PlusTick,cb34939c-d42c-ff38-c008-ea2850482188,34134400,0.341344,10000.0,Regular
2023-07-26T16:14:52.465Z,XBTUSD,Buy,10000,29296.5,PlusTick,677b9d7c-0cce-2fb9-a4cd-92aad753587e,34133800,0.341338,10000.0,Regular
2023-07-26T16:14:52.465Z,XBTUSD,Buy,80400,29297.0,PlusTick,ab3550b2-779e-156a-ed1d-33b79653c20f,274430928,2.74430928,80400.0,Regular
2023-07-26T16:14:52.465Z,XBTUSD,Buy,33900,29297.5,PlusTick,182beafd-751e-ddcd-668e-e04e3d6c01ce,115709514,1.15709514,33900.0,Regular
2023-07-26T16:14:52.465Z,XBTUSD,Buy,55900,29298.0,PlusTick,2ca8e73a-7ab3-f48c-50a0-4e314b2a8168,190797880,1.9079788,55900.0,Regular
2023-07-26T16:14:52.465Z,XBTUSD,Buy,80600,29298.5,PlusTick,78e5b988-1d91-d45e-1686-1472bb12b23f,275099084,2.75099084,80600.0,Regular
2023-07-26T16:14:52.465Z,XBTUSD,Buy,39600,29299.0,PlusTick,44215c80-6502-aa89-b366-225f980a9a72,135158364,1.35158364,39600.0,Regular
2023-07-26T16:14:52.465Z,XBTUSD,Buy,41000,29299.0,ZeroPlusTick,b5fbd4d6-7829-999d-a20a-f02c04aa57c7,139936690,1.3993669,41000.0,Regular
2023-07-26T16:14:52.465Z,XBTUSD,Buy,2000,29299.0,ZeroPlusTick,2b3c08cc-22be-ba9f-26c7-629618d44c28,6826180,0.0682618,2000.0,Regular
2023-07-26T16:14:52.465Z,XBTUSD,Buy,41800,29299.0,ZeroPlusTick,320e019c-e155-24a3-3660-c48176ec6bd5,142667162,1.42667162,41800.0,Regular
2023-07-26T16:14:52.465Z,XBTUSD,Buy,24300,29299.0,ZeroPlusTick,4c431602-b210-6ab3-1cf6-a7375595b428,82938087,0.82938087,24300.0,Regular
2023-07-26T16:14:52.473Z,XBTUSD,Buy,4100,29295.5,MinusTick,c5921b69-5ded-255e-5fc3-77a8e148ea3d,13995309,0.13995309,4100.0,Regular
2023-07-26T16:14:52.526Z,XBTUSD,Buy,6700,29298.5,PlusTick,bd55f8aa-3179-840f-dc5c-96fd094e466b,22868038,0.22868038,6700.0,Regular
2023-07-26T16:14:52.526Z,XBTUSD,Buy,15000,29299.0,PlusTick,51f2c2ee-bef4-154a-edb1-4cb948abf6e9,51196350,0.5119635,15000.0,Regular
2023-07-26T16:14:52.682Z,XBTUSD,Buy,15800,29299.0,ZeroPlusTick,14d6ed54-3675-9855-ac9f-40cbf10d888d,53926822,0.53926822,15800.0,Regular
2023-07-26T16:14:52.682Z,XBTUSD,Buy,30800,29299.0,ZeroPlusTick,2b6d6fff-44e3-5d84-3bbb-3c2adbe2475d,105123172,1.05123172,30800.0,Regular
2023-07-26T16:14:52.848Z,XBTUSD,Sell,6500,29299.5,PlusTick,9551ac23-af80-41bc-1827-c8dad8ea39a6,22184695,0.22184695,6500.0,Regular
2023-07-26T16:15:13.475Z,XBTUSD,Buy,1600,29300.0,PlusTick,c7c9e89e-359a-e6bb-fbe5-f9cacaaa1fba,5460752,0.05460752,1600.0,Regular
2023-07-26T16:15:13.475Z,XBTUSD,Buy,3100,29300.0,ZeroPlusTick,4ada3639-08a2-2440-740e-0aafc168488f,10580207,0.10580207,3100.0,Regular
2023-07-26T16:15:13.475Z,XBTUSD,Buy,400,29300.0,ZeroPlusTick,488645a7-45c3-20bc-7108-7b87f2be922b,1365188,0.01365188,400.0,Regular
2023-07-26T16:15:13.475Z,XBTUSD,Buy,6700,29300.0,ZeroPlusTick,f1d94f4b-c135-fb6b-2cce-6ea48384078e,22866899,0.22866899,6700.0,Regular
2023-07-26T16:15:13.475Z,XBTUSD,Buy,18700,29300.0,ZeroPlusTick,9073a08d-65a1-be66-4d2d-d253646217bb,63822539,0.63822539,18700.0,Regular
2023-07-26T16:15:13.643Z,XBTUSD,Buy,5800,29301.5,PlusTick,b8630d4a-e6bd-c4e9-4357-294b18cbaf67,19794182,0.19794182,5800.0,Regular
2023-07-26T16:15:13.692Z,XBTUSD,Buy,100,29303.0,PlusTick,ee332023-0a77-94c6-63fd-84c6a161281c,341262,0.00341262,100.0,Regular
2023-07-26T16:15:13.758Z,XBTUSD,Buy,15000,29303.0,ZeroPlusTick,5aa34c2d-c9cb-7467-add1-21c8080ce4df,51189300,0.511893,15000.0,Regular
2023-07-26T16:15:14.326Z,XBTUSD,Buy,300,29304.5,PlusTick,ca83a740-0792-0fbb-62b0-9f4dbb12bcaf,1023735,0.01023735,300.0,Regular
2023-07-26T16:15:14.326Z,XBTUSD,Buy,300,29304.5,ZeroPlusTick,e22ce5ff-c5d7-0e28-e357-18de33c470ae,1023735,0.01023735,300.0,Regular
2023-07-26T16:15:14.332Z,XBTUSD,Buy,37500,29305.0,PlusTick,626f44ae-59a5-3cc7-6720-e9d99a77f4e0,127964625,1.27964625,37500.0,Regular
2023-07-26T16:15:14.354Z,XBTUSD,Buy,5800,29306.0,PlusTick,9b7a357b-fdd9-0c77-bc6e-6cd99f3e7330,19791166,0.19791166,5800.0,Regular
2023-07-26T16:15:30.675Z,XBTUSD,Buy,500,29307.0,PlusTick,588b23b3-e3df-de38-352f-1b980e7c27b3,1706075,0.01706075,500.0,Regular
2023-07-26T16:15:30.675Z,XBTUSD,Buy,6100,29307.0,ZeroPlusTick,57a5ccc0-4297-bb38-097e-75e15b02fd68,20814115,0.20814115,6100.0,Regular
2023-07-26T16:15:30.675Z,XBTUSD,Buy,2300,29307.0,ZeroPlusTick,0ec1f3de-0529-e45c-9664-48d7247eee00,7847945,0.07847945,2300.0,Regular
2023-07-26T16:15:30.675Z,XBTUSD,Buy,900,29307.0,ZeroPlusTick,e05e0fbb-a508-ad29-9feb-7ad10f1e8ca2,3070935,0.03070935,900.0,Regular
2023-07-26T16:15:30.675Z,XBTUSD,Buy,10000,29307.0,ZeroPlusTick,67bf96e1-7102-3742-e2dd-d0974b23aa69,34121500,0.341215,10000.0,Regular
2023-07-26T16:15:30.675Z,XBTUSD,Buy,100,29307.0,ZeroPlusTick,61c65d4c-018e-c0dd-ccdc-d31ec0eea2d1,341215,0.00341215,100.0,Regular
2023-07-26T16:15:30.675Z,XBTUSD,Buy,100,29307.0,ZeroPlusTick,a458d52c-d3cc-9ea9-48cc-188bc1be86ec,341215,0.00341215,100.0,Regular
2023-07-26T16:15:47.270Z,XBTUSD,Sell,300,29306.5,MinusTick,1e1acac7-cf9c-9afb-dca1-dd42d1e7934a,1023663,0.01023663,300.0,Regular
2023-07-26T16:16:28.307Z,XBTUSD,Buy,1000,29307.0,PlusTick,b2d56dd4-c998-417b-81ef-7d954648cce5,3412150,0.0341215,1000.0,Regular
2023-07-26T16:16:28.307Z,XBTUSD,Buy,30300,29307.0,ZeroPlusTick,a8fbff54-59a8-38ce-ee36-ea449d6c4e58,103388145,1.03388145,30300.0,Regular
2023-07-26T16:16:28.307Z,XBTUSD,Buy,6100,29307.0,ZeroPlusTick,26eede3e-b4ed-deda-a8c1-84c8c9b59af9,20814115,0.20814115,6100.0,Regular
2023-07-26T16:16:28.307Z,XBTUSD,Buy,23500,29307.0,ZeroPlusTick,00fa4671-ed51-8362-baac-a157a0ec9bb8,80185525,0.80185525,23500.0,Regular
2023-07-26T16:16:28.307Z,XBTUSD,Buy,40100,29307.0,ZeroPlusTick,70e10119-fd53-8c39-fbaa-87688127d5ef,136827215,1.36827215,40100.0,Regular
2023-07-26T16:16:28.307Z,XBTUSD,Buy,200,29307.0,ZeroPlusTick,46cd5369-b954-556a-3148-47a8950c1a31,682430,0.0068243,200.0,Regular
2023-07-26T16:16:28.307Z,XBTUSD,Buy,500,29307.0,ZeroPlusTick,64c09722-b47a-a23b-17c5-f5a8e302203e,1706075,0.01706075,500.0,Regular
2023-07-26T16:16:28.307Z,XBTUSD,Buy,800,29307.0,ZeroPlusTick,122f6fda-6ba2-922a-5d10-1a11acb7aebb,2729720,0.0272972,800.0,Regular
2023-07-26T16:16:28.307Z,XBTUSD,Buy,300,29307.0,ZeroPlusTick,3e7203e4-d2d9-199f-009d-e0d1d34b9f6e,1023645,0.01023645,300.0,Regular
2023-07-26T16:16:28.307Z,XBTUSD,Buy,4400,29307.0,ZeroPlusTick,0f8f9b45-83e3-fafa-3a12-cdb79dcca840,15013460,0.1501346,4400.0,Regular
2023-07-26T16:16:28.307Z,XBTUSD,Buy,100,29307.0,ZeroPlusTick,11e4976c-8223-689e-44e3-e9b500a7ec05,341215,0.00341215,100.0,Regular
2023-07-26T16:16:28.307Z,XBTUSD,Buy,11800,29307.0,ZeroPlusTick,6b6e6a94-4ef1-d182-b3da-718b368c240b,40263370,0.4026337,11800.0,Regular
2023-07-26T16:16:28.307Z,XBTUSD,Buy,2300,29307.0,ZeroPlusTick,f1d06d20-d257-fea2-0317-78cc0f1b29b9,7847945,0.07847945,2300.0,Regular
2023-07-26T16:16:28.307Z,XBTUSD,Buy,300,29307.0,ZeroPlusTick,02952875-0e24-dbf5-4d41-e948f77f4182,1023645,0.01023645,300.0,Regular
2023-07-26T16:16:28.307Z,XBTUSD,Buy,5700,29307.0,ZeroPlusTick,1f99ca25-d576-5469-9e8a-c58803a63724,19449255,0.19449255,5700.0,Regular
2023-07-26T16:16:28.307Z,XBTUSD,Buy,5800,29307.0,ZeroPlusTick,02d9b617-388a-142e-1abd-9433165ab281,19790470,0.1979047,5800.0,Regular
2023-07-26T16:16:28.307Z,XBTUSD,Buy,54500,29307.0,ZeroPlusTick,d05e1a6f-be99-d37a-6a19-374f5a17d8b2,185962175,1.85962175,54500.0,Regular
2023-07-26T16:16:28.319Z,XBTUSD,Buy,9900,29307.0,ZeroPlusTick,f729e254-d1ae-9a65-d6d2-0c7ce3963cda,33780285,0.33780285,9900.0,Regular
2023-07-26T16:16:28.328Z,XBTUSD,Buy,100,29309.0,PlusTick,c4b70752-c744-89aa-a91a-7630b49d99a0,341192,0.00341192,100.0,Regular
2023-07-26T16:16:28.332Z,XBTUSD,Buy,3300,29310.5,PlusTick,70a44853-2234-9fca-cac3-31ba71796560,11258775,0.11258775,3300.0,Regular
2023-07-26T16:16:28.332Z,XBTUSD,Buy,3300,29311.0,PlusTick,160f75c2-3bdc-5dc8-94f8-d6ebbc62cc8b,11258577,0.11258577,3300.0,Regular
2023-07-26T16:16:28.332Z,XBTUSD,Buy,100,29311.0,ZeroPlusTick,0687b59b-fef0-19fc-75e8-16cec0e43b75,341169,0.00341169,100.0,Regular
2023-07-26T16:16:28.332Z,XBTUSD,Buy,5800,29311.5,PlusTick,d83b74b9-5402-b592-b0c2-da64a3f72c50,19787454,0.19787454,5800.0,Regular
2023-07-26T16:16:28.332Z,XBTUSD,Buy,3300,29311.5,ZeroPlusTick,682af0da-84f4-a9f9-e58c-d1f1b8e88e4b,11258379,0.11258379,3300.0,Regular
2023-07-26T16:16:28.332Z,XBTUSD,Buy,3300,29312.0,PlusTick,3230a765-8bfb-1ecc-acaa-a5d1d6a2d13f,11258181,0.11258181,3300.0,Regular
2023-07-26T16:16:28.332Z,XBTUSD,Buy,3300,29312.5,PlusTick,c095fc32-b978-5ccd-f178-7e1778d286f6,11257983,0.11257983,3300.0,Regular
2023-07-26T16:16:28.332Z,XBTUSD,Buy,300,29312.5,ZeroPlusTick,b7b6368a-fe5c-369b-8fb5-1d573af07362,1023453,0.01023453,300.0,Regular
2023-07-26T16:16:28.332Z,XBTUSD,Buy,300,29312.5,ZeroPlusTick,fd1f4f42-0b6f-f0d9-39be-d7884f261f8b,1023453,0.01023453,300.0,Regular
2023-07-26T16:16:28.332Z,XBTUSD,Buy,55900,29312.5,ZeroPlusTick,efc6e8cc-358f-a2d9-3375-08d745b90c2d,190703409,1.90703409,55900.0,Regular
2023-07-26T16:16:28.332Z,XBTUSD,Buy,3300,29313.0,PlusTick,c0e339b3-e2de-caab-2db1-f37a47e9937e,11257818,0.11257818,3300.0,Regular
2023-07-26T16:16:28.332Z,XBTUSD,Buy,100,29313.0,ZeroPlusTick,d980a6df-e2d9-7c62-0306-05a3c8ee9be4,341146,0.00341146,100.0,Regular
2023-07-26T16:16:28.332Z,XBTUSD,Buy,3300,29313.5,PlusTick,2650884f-75b1-bd9f-9388-6201ad104e0b,11257620,0.1125762,3300.0,Regular
2023-07-26T16:16:28.332Z,XBTUSD,Buy,13700,29313.5,ZeroPlusTick,93a9c683-8434-9672-d3af-dba95cb2761b,46736180,0.4673618,13700.0,Regular
2023-07-26T16:16:28.332Z,XBTUSD,Buy,6700,29314.0,PlusTick,0a153703-1d80-0d51-d7fc-25905ff0e51c,22855978,0.22855978,6700.0,Regular
2023-07-26T16:16:28.332Z,XBTUSD,Buy,15800,29314.0,ZeroPlusTick,215d3dfb-5562-516c-2412-f28a429e5c5a,53899172,0.53899172,15800.0,Regular
2023-07-26T16:16:28.349Z,XBTUSD,Buy,200,29315.0,PlusTick,68d42485-de06-7af8-b713-24d51335ee37,682244,0.00682244,200.0,Regular
2023-07-26T16:16:28.349Z,XBTUSD,Buy,8000,29316.0,PlusTick,5acdda48-b3d6-f7a0-5642-671ed8790cc3,27288880,0.2728888,8000.0,Regular
2023-07-26T16:16:28.349Z,XBTUSD,Buy,4000,29316.0,ZeroPlusTick,b83512d1-f73a-684e-f105-981e82d19338,13644440,0.1364444,4000.0,Regular
2023-07-26T16:16:28.349Z,XBTUSD,Buy,8300,29316.0,ZeroPlusTick,41068df5-dbf3-be26-2718-724e2a799d62,28312213,0.28312213,8300.0,Regular
2023-07-26T16:16:28.401Z,XBTUSD,Buy,37500,29316.5,PlusTick,4b0a32a2-f2cb-9806-73ea-d78ff3ede7f2,127914375,1.27914375,37500.0,Regular
2023-07-26T16:16:28.452Z,XBTUSD,Buy,2000,29316.5,ZeroPlusTick,6e24d339-3a92-0170-2198-07a179b80d3b,6822100,0.068221,2000.0,Regular
2023-07-26T16:16:28.452Z,XBTUSD,Buy,2600,29316.5,ZeroPlusTick,98e52be3-2a82-f27d-2f68-6748708c4be9,8868730,0.0886873,2600.0,Regular
2023-07-26T16:16:28.452Z,XBTUSD,Buy,100,29317.0,PlusTick,9d9f9a08-a2f5-c4aa-763a-3e4f57ccc2c0,341099,0.00341099,100.0,Regular
2023-07-26T16:16:28.486Z,XBTUSD,Buy,103600,29319.0,PlusTick,933c14d1-983e-946c-2330-a53e21aeedbe,353354736,3.53354736,103600.0,Regular
2023-07-26T16:16:28.568Z,XBTUSD,Buy,302800,29319.0,ZeroPlusTick,7a834862-11b0-9117-6ccf-ea711b8a4566,1032778128,10.32778128,302800.0,Regular
2023-07-26T16:16:28.580Z,XBTUSD,Buy,34300,29319.0,ZeroPlusTick,68417ce3-3221-4575-971d-a0694e92c794,116989068,1.16989068,34300.0,Regular
2023-07-26T16:16:28.585Z,XBTUSD,Buy,8300,29319.0,ZeroPlusTick,e9d19739-b87d-d807-27d3-15d8b7c80975,28309308,0.28309308,8300.0,Regular
2023-07-26T16:16:28.592Z,XBTUSD,Buy,52000,29319.0,ZeroPlusTick,92f0f720-a62f-0887-f389-e0f4069b0bbc,177359520,1.7735952,52000.0,Regular
2023-07-26T16:16:28.636Z,XBTUSD,Buy,100900,29319.0,ZeroPlusTick,6e64b3b3-b9ad-9cd7-65fb-5a94465d8af2,344145684,3.44145684,100900.0,Regular
2023-07-26T16:16:28.646Z,XBTUSD,Buy,43500,29319.0,ZeroPlusTick,f8cca49a-551e-abec-dcf0-5e9914750f4d,148368060,1.4836806,43500.0,Regular
2023-07-26T16:16:28.653Z,XBTUSD,Buy,126300,29319.0,ZeroPlusTick,744afa09-7fff-6d24-22a6-5646cc7cd24d,430778988,4.30778988,126300.0,Regular
2023-07-26T16:16:28.667Z,XBTUSD,Buy,84300,29319.0,ZeroPlusTick,53e427e3-0637-4491-9614-0755fd81d121,287527068,2.87527068,84300.0,Regular
2023-07-26T16:16:28.672Z,XBTUSD,Buy,59400,29319.0,ZeroPlusTick,006cb3a2-f0f6-d3f0-a9e8-52d2a22e7beb,202599144,2.02599144,59400.0,Regular
2023-07-26T16:16:28.677Z,XBTUSD,Buy,29700,29319.0,ZeroPlusTick,279e21bf-8f55-c929-2002-429f8081a489,101299572,1.01299572,29700.0,Regular
2023-07-26T16:16:28.696Z,XBTUSD,Buy,100,29319.0,ZeroPlusTick,9637ea36-f274-4a4c-e4c6-54095e9f7d3e,341076,0.00341076,100.0,Regular
2023-07-26T16:16:28.703Z,XBTUSD,Buy,132500,29319.0,ZeroPlusTick,793e12f3-8cbe-d344-e8e4-a973d52c24a7,451925700,4.519257,132500.0,Regular
2023-07-26T16:16:28.704Z,XBTUSD,Buy,15800,29319.0,ZeroPlusTick,36ef7887-88c1-1114-33ec-641717f756e3,53890008,0.53890008,15800.0,Regular
2023-07-26T16:16:28.717Z,XBTUSD,Buy,44100,29319.0,ZeroPlusTick,c7fae823-e80c-12a0-61bd-a3dbdbb72620,150414516,1.50414516,44100.0,Regular
2023-07-26T16:16:28.723Z,XBTUSD,Buy,33700,29319.0,ZeroPlusTick,55e35605-527d-98b0-10d4-5af16bc78701,114942612,1.14942612,33700.0,Regular
2023-07-26T16:16:28.752Z,XBTUSD,Buy,5200,29319.0,ZeroPlusTick,d3001240-9124-cbec-8a13-67732be1d2ca,17735952,0.17735952,5200.0,Regular
2023-07-26T16:16:28.805Z,XBTUSD,Buy,37500,29319.0,ZeroPlusTick,9fdb2a51-cc20-a4f8-1244-0c69a23a2e62,127903500,1.279035,37500.0,Regular
2023-07-26T16:16:28.817Z,XBTUSD,Buy,100,29319.0,ZeroPlusTick,b49b1c9f-2e1b-2510-243d-eec8b7fab952,341076,0.00341076,100.0,Regular
2023-07-26T16:16:28.836Z,XBTUSD,Buy,37600,29319.0,ZeroPlusTick,9a650865-dcfb-496a-a7f8-efe05ca3fbed,128244576,1.28244576,37600.0,Regular
2023-07-26T16:16:28.846Z,XBTUSD,Buy,25000,29319.0,ZeroPlusTick,8274e9a1-7b11-d6be-7038-1b01cd47ba0f,85269000,0.85269,25000.0,Regular
2023-07-26T16:16:28.971Z,XBTUSD,Buy,49900,29319.0,ZeroPlusTick,72192461-4137-f43b-4d11-e00d3d85b2d2,170196924,1.70196924,49900.0,Regular
2023-07-26T16:16:30.112Z,XBTUSD,Buy,10400,29319.0,ZeroPlusTick,cddcc256-2627-de19-85dc-ffac50522e73,35471904,0.35471904,10400.0,Regular
2023-07-26T16:16:30.640Z,XBTUSD,Buy,13500,29319.0,ZeroPlusTick,58a93660-463f-a249-6318-b88951c20126,46045260,0.4604526,13500.0,Regular
2023-07-26T16:16:30.674Z,XBTUSD,Buy,12400,29319.0,ZeroPlusTick,8cbf4311-6a49-d94e-bc21-be70ea06684a,42293424,0.42293424,12400.0,Regular
2023-07-26T16:17:07.887Z,XBTUSD,Buy,4900,29319.0,ZeroPlusTick,fc1cfaa5-8008-dc2a-f6af-ddb13543d25b,16712724,0.16712724,4900.0,Regular
2023-07-26T16:17:07.892Z,XBTUSD,Buy,7500,29319.0,ZeroPlusTick,5bd131e8-a57d-4555-109b-484c82f7a2f9,25580700,0.255807,7500.0,Regular
2023-07-26T16:17:07.895Z,XBTUSD,Buy,10800,29319.0,ZeroPlusTick,dabc8c66-e0bb-a357-de29-b4dbfafc438e,36836208,0.36836208,10800.0,Regular
2023-07-26T16:17:07.898Z,XBTUSD,Buy,41400,29319.0,ZeroPlusTick,ff931e31-4a33-934a-c66b-0062f6df115c,141205464,1.41205464,41400.0,Regular
2023-07-26T16:17:07.901Z,XBTUSD,Buy,29500,29319.0,ZeroPlusTick,c6c190f3-1ebe-9305-98d2-b082b793559d,100617420,1.0061742,29500.0,Regular
2023-07-26T16:17:07.902Z,XBTUSD,Buy,1500,29319.0,ZeroPlusTick,d0979bdd-3d8c-1671-c2aa-083f248f139a,5116140,0.0511614,1500.0,Regular
2023-07-26T16:17:07.904Z,XBTUSD,Buy,15500,29319.0,ZeroPlusTick,be58e4a7-6de5-2572-6f98-e2ffb33b1554,52866780,0.5286678,15500.0,Regular
2023-07-26T16:17:07.905Z,XBTUSD,Buy,79300,29319.0,ZeroPlusTick,218c33b9-a7d7-8cd8-ac34-e4f9fbb8ab38,270473268,2.70473268,79300.0,Regular
2023-07-26T16:17:07.906Z,XBTUSD,Buy,946700,29319.0,ZeroPlusTick,99242acb-f25f-9183-ad31-14f96aee6bb3,3228966492,32.28966492,946700.0,Regular
2023-07-26T16:17:07.906Z,XBTUSD,Buy,200,29319.0,ZeroPlusTick,c48a6453-bb36-3ad9-8d62-d4e718697dd0,682152,0.00682152,200.0,Regular
2023-07-26T16:17:07.906Z,XBTUSD,Buy,900,29319.0,ZeroPlusTick,91820b56-2d90-1ff0-ec7f-401d59a9b486,3069684,0.03069684,900.0,Regular
2023-07-26T16:17:07.906Z,XBTUSD,Buy,3000,29319.0,ZeroPlusTick,f2645490-23e6-70be-a998-5a6d052a57e5,10232280,0.1023228,3000.0,Regular
2023-07-26T16:17:07.906Z,XBTUSD,Buy,12900,29319.0,ZeroPlusTick,7ea95e3e-ea76-edf5-ad53-6351b994559c,43998804,0.43998804,12900.0,Regular
2023-07-26T16:17:07.906Z,XBTUSD,Buy,23700,29319.0,ZeroPlusTick,cb26c61c-49ca-6685-7737-1127bf1639e1,80835012,0.80835012,23700.0,Regular
2023-07-26T16:17:07.906Z,XBTUSD,Buy,1100,29319.0,ZeroPlusTick,ec646a86-ff17-8640-6855-c9221727d778,3751836,0.03751836,1100.0,Regular
2023-07-26T16:17:07.906Z,XBTUSD,Buy,5500,29319.0,ZeroPlusTick,a598ce93-4cdc-a8c3-acc9-4813414ae7d6,18759180,0.1875918,5500.0,Regular
2023-07-26T16:17:07.906Z,XBTUSD,Buy,100,29319.0,ZeroPlusTick,b4319f1f-a5d4-71e1-369f-2f1947bf7343,341076,0.00341076,100.0,Regular
2023-07-26T16:17:07.906Z,XBTUSD,Buy,1600,29319.0,ZeroPlusTick,ea5b6068-a9e9-6cf5-0e54-2ca48d587da0,5457216,0.05457216,1600.0,Regular
2023-07-26T16:17:07.906Z,XBTUSD,Buy,500,29320.0,PlusTick,2651e17f-32d8-d15d-e951-dc52318a28f1,1705320,0.0170532,500.0,Regular
2023-07-26T16:17:07.906Z,XBTUSD,Buy,100,29320.0,ZeroPlusTick,cfab2598-a470-36bf-703a-f922f001fed3,341064,0.00341064,100.0,Regular
2023-07-26T16:17:07.939Z,XBTUSD,Buy,3300,29322.0,PlusTick,a2dc3a66-7d60-a7ce-a991-29ec50d56361,11254353,0.11254353,3300.0,Regular
2023-07-26T16:17:07.940Z,XBTUSD,Buy,4600,29322.5,PlusTick,49bce52c-dccd-4446-76b0-372b6aa132d1,15687610,0.1568761,4600.0,Regular
2023-07-26T16:17:07.940Z,XBTUSD,Buy,10000,29323.0,PlusTick,979de205-85b5-b4ff-d842-25245b256b33,34102900,0.341029,10000.0,Regular
2023-07-26T16:17:07.940Z,XBTUSD,Buy,10000,29324.0,PlusTick,cca0475b-0212-207d-ca58-9d851200fa63,34101800,0.341018,10000.0,Regular
2023-07-26T16:17:07.940Z,XBTUSD,Buy,200,29325.0,PlusTick,030ae9ec-f5f2-f673-4fed-8a756a050417,682012,0.00682012,200.0,Regular
2023-07-26T16:17:07.965Z,XBTUSD,Buy,9800,29325.0,ZeroPlusTick,36f32eb1-7c07-a9f4-8d81-43cd1e0c7e6a,33418588,0.33418588,9800.0,Regular
2023-07-26T16:17:07.965Z,XBTUSD,Buy,10000,29327.5,PlusTick,f5207801-e44d-4b56-4db8-979574bb9c7b,34097700,0.340977,10000.0,Regular
2023-07-26T16:17:07.965Z,XBTUSD,Buy,100,29328.0,PlusTick,de7e5ec7-dc8c-48eb-984f-fe703096e7bc,340971,0.00340971,100.0,Regular
2023-07-26T16:17:07.965Z,XBTUSD,Buy,10000,29329.0,PlusTick,dc247caa-00d6-6b17-1fea-0f2b76de5d26,34095900,0.340959,10000.0,Regular
2023-07-26T16:17:07.965Z,XBTUSD,Buy,10000,29329.5,PlusTick,2d096f24-2a69-2b77-a55b-302572dee983,34095400,0.340954,10000.0,Regular
2023-07-26T16:17:07.965Z,XBTUSD,Buy,10000,29330.5,PlusTick,cbc88b3f-887e-6c8a-a6f1-24aaa00ad956,34094200,0.340942,10000.0,Regular
2023-07-26T16:17:07.965Z,XBTUSD,Buy,700,29331.0,PlusTick,5f54fb0e-9b5a-f185-9cc9-4c88a2c1baf2,2386552,0.02386552,700.0,Regular
2023-07-26T16:17:07.965Z,XBTUSD,Buy,25000,29331.0,ZeroPlusTick,ff052c7b-dfce-f8cd-55a1-334061e11b79,85234000,0.85234,25000.0,Regular
2023-07-26T16:17:07.965Z,XBTUSD,Buy,700,29331.0,ZeroPlusTick,9f204a00-97e9-ab02-2552-4d48b80916f9,2386552,0.02386552,700.0,Regular
2023-07-26T16:17:07.965Z,XBTUSD,Buy,24000,29331.0,ZeroPlusTick,1070ceb2-ab67-00c3-3746-dd5fa917a50f,81824640,0.8182464,24000.0,Regular
2023-07-26T16:17:07.965Z,XBTUSD,Buy,3300,29331.5,PlusTick,19aec170-4f44-fcd7-8122-f6951321bc5b,11250690,0.1125069,3300.0,Regular
2023-07-26T16:17:07.976Z,XBTUSD,Buy,11200,29331.5,ZeroPlusTick,0f0dd962-155d-4efb-26d8-c02a70098316,38184160,0.3818416,11200.0,Regular
2023-07-26T16:17:08.035Z,XBTUSD,Buy,200,29332.0,PlusTick,f298bb0e-ab01-f39b-7271-faae15a082bc,681850,0.0068185,200.0,Regular
2023-07-26T16:17:08.035Z,XBTUSD,Buy,300,29332.5,PlusTick,b8e306d4-77a5-ccc0-bb7d-464be29978ac,1022757,0.01022757,300.0,Regular
2023-07-26T16:17:08.035Z,XBTUSD,Buy,300,29332.5,ZeroPlusTick,2805ae67-c4b6-a8c7-aab6-649e52c3a4a7,1022757,0.01022757,300.0,Regular
2023-07-26T16:17:08.035Z,XBTUSD,Buy,200,29333.0,PlusTick,cba79d5b-1527-f641-a622-94a19c42e9aa,681826,0.00681826,200.0,Regular
2023-07-26T16:17:08.035Z,XBTUSD,Buy,500,29335.0,PlusTick,fbd98746-82f8-af01-7e70-9048a1df03c4,1704450,0.0170445,500.0,Regular
2023-07-26T16:17:08.035Z,XBTUSD,Buy,6700,29335.0,ZeroPlusTick,3507293e-fcfb-63fd-baa8-abc055db12c5,22839630,0.2283963,6700.0,Regular
2023-07-26T16:17:08.047Z,XBTUSD,Buy,33600,29336.0,PlusTick,5dd19226-d020-8018-815a-42225397e43a,114535008,1.14535008,33600.0,Regular
2023-07-26T16:17:08.063Z,XBTUSD,Buy,4400,29339.5,PlusTick,92901b89-1543-cab3-45dc-31abfcc5842c,14996828,0.14996828,4400.0,Regular
2023-07-26T16:17:08.087Z,XBTUSD,Buy,20500,29339.5,ZeroPlusTick,4b2dabe6-e8ee-bdd6-f024-a3e59e6cfd58,69871585,0.69871585,20500.0,Regular
2023-07-26T16:17:08.103Z,XBTUSD,Buy,3000,29339.5,ZeroPlusTick,17e2ee42-9306-b5d7-097e-fe6e9edadcdf,10225110,0.1022511,3000.0,Regular
2023-07-26T16:17:08.166Z,XBTUSD,Buy,100,29340.0,PlusTick,15e5f862-6b84-4479-5be2-b834cec2e063,340832,0.00340832,100.0,Regular
2023-07-26T16:17:08.166Z,XBTUSD,Buy,500,29340.0,ZeroPlusTick,8b729d14-f102-bcfc-c6f0-bc74ae62ad2f,1704160,0.0170416,500.0,Regular
2023-07-26T16:17:08.166Z,XBTUSD,Buy,100,29340.0,ZeroPlusTick,81accf1f-6a49-cc96-811c-9dab7a427508,340832,0.00340832,100.0,Regular
2023-07-26T16:17:08.178Z,XBTUSD,Buy,1000,29340.5,PlusTick,3016e463-4719-8c7f-4856-c54871adc0f0,3408260,0.0340826,1000.0,Regular
2023-07-26T16:17:08.178Z,XBTUSD,Buy,25000,29341.0,PlusTick,0231cce7-430c-7a5a-6634-cc3e3e47b6b4,85205000,0.85205,25000.0,Regular
2023-07-26T16:17:08.185Z,XBTUSD,Buy,100,29342.0,PlusTick,fe550452-346c-fcfd-de1f-9f1a18c77dea,340808,0.00340808,100.0,Regular
2023-07-26T16:17:08.185Z,XBTUSD,Buy,100,29342.0,ZeroPlusTick,40d0498c-aeca-371e-9223-b2a34b410d55,340808,0.00340808,100.0,Regular
2023-07-26T16:17:08.185Z,XBTUSD,Buy,100,29343.0,PlusTick,35f3ac8e-7e90-8674-2cde-717b6f9d1473,340797,0.00340797,100.0,Regular
2023-07-26T16:17:08.185Z,XBTUSD,Buy,2000,29343.5,PlusTick,b5c9d6b8-cdb1-b070-76d5-74a0b529254f,6815820,0.0681582,2000.0,Regular
2023-07-26T16:17:08.185Z,XBTUSD,Buy,500,29345.0,PlusTick,31c1b0a0-c4d0-d514-4f0a-02b6070c92d2,1703870,0.0170387,500.0,Regular
2023-07-26T16:17:08.185Z,XBTUSD,Buy,200,29345.0,ZeroPlusTick,05af8de4-dd12-9d84-2283-5235ce4b7149,681548,0.00681548,200.0,Regular
2023-07-26T16:17:08.185Z,XBTUSD,Buy,300,29345.0,ZeroPlusTick,64286dcd-120c-22bb-b8bc-d354d04c1be4,1022322,0.01022322,300.0,Regular
2023-07-26T16:17:08.185Z,XBTUSD,Buy,1000,29345.5,PlusTick,d514ecee-a9d5-783f-8800-ff0e2f9565ba,3407680,0.0340768,1000.0,Regular
2023-07-26T16:17:08.185Z,XBTUSD,Buy,800,29345.5,ZeroPlusTick,d578e24b-8929-d7a8-0092-fd5a68ab0301,2726144,0.02726144,800.0,Regular
2023-07-26T16:17:08.185Z,XBTUSD,Buy,9100,29345.5,ZeroPlusTick,99288f4d-e4b4-3940-66ea-21938e55c30c,31009888,0.31009888,9100.0,Regular
2023-07-26T16:17:08.185Z,XBTUSD,Buy,6600,29346.0,PlusTick,c1d0fa3e-cf19-bd7b-06e4-0b34f6ec50ce,22490292,0.22490292,6600.0,Regular
2023-07-26T16:17:08.185Z,XBTUSD,Buy,80400,29347.0,PlusTick,808f2bbc-1519-04d2-fabb-c9cd0321e9ed,273963000,2.73963,80400.0,Regular
2023-07-26T16:17:08.185Z,XBTUSD,Buy,2500,29347.5,PlusTick,9156a618-61bc-4b02-167c-ab2e9dfe6e55,8518625,0.08518625,2500.0,Regular
2023-07-26T16:17:08.192Z,XBTUSD,Buy,6500,29347.5,ZeroPlusTick,7a800d97-e6a4-a954-298f-861e1a20b814,22148425,0.22148425,6500.0,Regular
2023-07-26T16:17:08.202Z,XBTUSD,Buy,5400,29347.5,ZeroPlusTick,3b8f43b0-1be5-cf0e-c621-55e6cdf03751,18400230,0.1840023,5400.0,Regular
2023-07-26T16:17:08.207Z,XBTUSD,Buy,13200,29347.5,ZeroPlusTick,536c0396-93c6-f73d-b05d-eeae8a9d92c2,44978340,0.4497834,13200.0,Regular
2023-07-26T16:17:08.261Z,XBTUSD,Buy,5000,29347.5,ZeroPlusTick,9ff59403-077e-69cb-a68f-15807d6a5bcb,17037250,0.1703725,5000.0,Regular
2023-07-26T16:17:08.261Z,XBTUSD,Buy,200,29350.0,PlusTick,849c93e0-7f1e-013f-ad6c-18e6704c6203,681432,0.00681432,200.0,Regular
2023-07-26T16:17:08.261Z,XBTUSD,Buy,500,29350.0,ZeroPlusTick,d9a0fe04-ceae-17ee-8d20-3f9a13ea253a,1703580,0.0170358,500.0,Regular
2023-07-26T16:17:08.261Z,XBTUSD,Buy,5000,29350.0,ZeroPlusTick,e0603000-4ac6-7d34-bb4d-60d7e6a2fb73,17035800,0.170358,5000.0,Regular
2023-07-26T16:17:08.261Z,XBTUSD,Buy,5000,29350.0,ZeroPlusTick,39e1713b-8d24-c632-ec37-be54ca0b92be,17035800,0.170358,5000.0,Regular
2023-07-26T16:17:08.261Z,XBTUSD,Buy,100,29350.0,ZeroPlusTick,7cfaaf79-fc31-47c4-8ccb-c3b57af1b3ab,340716,0.00340716,100.0,Regular
2023-07-26T16:17:08.261Z,XBTUSD,Buy,300,29350.0,ZeroPlusTick,070af382-834e-86c6-b15d-d416e0c2f10c,1022148,0.01022148,300.0,Regular
2023-07-26T16:17:08.261Z,XBTUSD,Buy,18500,29351.0,PlusTick,bb3fbaeb-f641-9656-61f2-7f686d56ef7c,63030240,0.6303024,18500.0,Regular
2023-07-26T16:17:08.349Z,XBTUSD,Buy,100,29351.0,ZeroPlusTick,a2ec5c03-0e76-f387-5ef9-9074ccc1c01b,340704,0.00340704,100.0,Regular
2023-07-26T16:17:08.436Z,XBTUSD,Buy,100,29349.0,MinusTick,a96d3f98-deaa-b71e-7e37-f1de4efa2c12,340727,0.00340727,100.0,Regular
2023-07-26T16:17:08.453Z,XBTUSD,Buy,19200,29349.0,ZeroMinusTick,d559c827-e959-2548-7ce7-9e7d7157808e,65419584,0.65419584,19200.0,Regular
2023-07-26T16:17:08.573Z,XBTUSD,Buy,15000,29339.0,MinusTick,f03cc0e5-e4d8-e766-fc2f-59a652228d84,51126450,0.5112645,15000.0,Regular
2023-07-26T16:17:08.573Z,XBTUSD,Buy,5000,29347.5,PlusTick,ce32ab0b-cd3d-e943-046c-26f139eae46e,17037250,0.1703725,5000.0,Regular
2023-07-26T16:17:08.614Z,XBTUSD,Buy,10100,29347.5,ZeroPlusTick,551b5a91-5ffe-88a8-317f-c6f12d6b47e9,34415245,0.34415245,10100.0,Regular
2023-07-26T16:17:08.689Z,XBTUSD,Buy,6800,29347.5,ZeroPlusTick,ff3530d2-2acc-6a87-f457-0ba1536ce689,23170660,0.2317066,6800.0,Regular
2023-07-26T16:17:08.689Z,XBTUSD,Buy,26100,29348.0,PlusTick,18a42e4a-40f5-a89a-1151-c018ac3efe7d,88932879,0.88932879,26100.0,Regular
2023-07-26T16:17:08.692Z,XBTUSD,Buy,3300,29348.0,ZeroPlusTick,4938df35-e6cc-64a2-55fb-67f9d600d996,11244387,0.11244387,3300.0,Regular
2023-07-26T16:17:08.717Z,XBTUSD,Buy,2200,29345.0,MinusTick,a5d355e0-ff6e-070e-d1a3-6b2fcc75cdaa,7497028,0.07497028,2200.0,Regular
2023-07-26T16:17:08.888Z,XBTUSD,Buy,100,29345.0,ZeroMinusTick,a48748c9-e160-ec0e-91f1-5750eb3d1aec,340774,0.00340774,100.0,Regular
2023-07-26T16:17:09.063Z,XBTUSD,Buy,100,29344.0,MinusTick,cf21e97e-9831-922a-c918-79dd6fc2a4fe,340785,0.00340785,100.0,Regular
2023-07-26T16:17:09.063Z,XBTUSD,Buy,1900,29344.0,ZeroMinusTick,7e23322e-c7c0-27a2-efb1-0e8ca22936ad,6474915,0.06474915,1900.0,Regular
2023-07-26T16:17:09.238Z,XBTUSD,Buy,1200,29348.0,PlusTick,deac9122-d0f5-7232-7ae0-42e4a3c586db,4088868,0.04088868,1200.0,Regular
2023-07-26T16:17:09.274Z,XBTUSD,Buy,6800,29344.0,MinusTick,0cb65d98-2941-401f-d0c4-3327e5728cd5,23173380,0.2317338,6800.0,Regular
2023-07-26T16:17:09.279Z,XBTUSD,Buy,23200,29344.0,ZeroMinusTick,4190d375-e5e7-f884-2e3d-2f4c11f249fa,79062120,0.7906212,23200.0,Regular
2023-07-26T16:17:09.356Z,XBTUSD,Buy,5200,29344.0,ZeroMinusTick,961121f3-1bb7-8b53-449f-29fd8a8ff114,17720820,0.1772082,5200.0,Regular
2023-07-26T16:17:09.414Z,XBTUSD,Buy,2500,29344.0,ZeroMinusTick,a3dee77f-6a4c-4eba-461a-2492dd6edc99,8519625,0.08519625,2500.0,Regular
2023-07-26T16:17:09.593Z,XBTUSD,Buy,11400,29347.5,PlusTick,94afbe8a-c562-c4d0-c9eb-a72ef0bf4388,38844930,0.3884493,11400.0,Regular
2023-07-26T16:17:10.622Z,XBTUSD,Buy,50000,29347.5,ZeroPlusTick,92769d20-7b11-5923-0139-e7a11d1baf6b,170372500,1.703725,50000.0,Regular
2023-07-26T16:17:10.915Z,XBTUSD,Buy,30800,29347.5,ZeroPlusTick,5a5e07b3-f622-72b3-ca4a-bf1ebaa49171,104949460,1.0494946,30800.0,Regular
2023-07-26T16:17:10.915Z,XBTUSD,Buy,40500,29347.5,ZeroPlusTick,aa6ad135-5efe-c9e2-ab4e-cc324d9d9a15,138001725,1.38001725,40500.0,Regular
2023-07-26T16:17:10.915Z,XBTUSD,Buy,24600,29347.5,ZeroPlusTick,ab4bd298-a492-51da-08c0-6d71c65adc50,83823270,0.8382327,24600.0,Regular
2023-07-26T16:17:10.915Z,XBTUSD,Buy,13900,29347.5,ZeroPlusTick,9eb6382a-4e5e-95fe-88fe-ed5266d4d1e2,47363555,0.47363555,13900.0,Regular
2023-07-26T16:17:10.915Z,XBTUSD,Buy,100,29347.5,ZeroPlusTick,c88980c6-d6f8-72ea-b76c-bbb88847f378,340745,0.00340745,100.0,Regular
2023-07-26T16:17:10.915Z,XBTUSD,Buy,20800,29347.5,ZeroPlusTick,5ca8e0b3-65d8-1a0b-cd6b-22937ff9357f,70874960,0.7087496,20800.0,Regular
2023-07-26T16:17:10.915Z,XBTUSD,Buy,48600,29347.5,ZeroPlusTick,4bcfbc4f-f68d-debb-cfd9-081badd14200,165602070,1.6560207,48600.0,Regular
2023-07-26T16:17:10.915Z,XBTUSD,Buy,40500,29348.0,PlusTick,e20f524a-37fc-c79b-8cdf-8bfe0569e2ee,137999295,1.37999295,40500.0,Regular
2023-07-26T16:17:10.915Z,XBTUSD,Buy,80200,29348.0,ZeroPlusTick,f66c48aa-b86d-49de-6db7-ff9b323efbe8,273272678,2.73272678,80200.0,Regular
2023-07-26T16:17:10.993Z,XBTUSD,Sell,200,29347.5,MinusTick,bbdeb7f5-b1f1-af40-7c2a-63822271184f,681490,0.0068149,200.0,Regular
2023-07-26T16:17:11.202Z,XBTUSD,Buy,1000,29348.0,PlusTick,877a27f3-2f52-6414-57aa-2e26c21b5f94,3407390,0.0340739,1000.0,Regular
2023-07-26T16:17:12.032Z,XBTUSD,Sell,300,29348.5,PlusTick,a665f42f-ab28-570a-5b93-bc489bf9f19a,1022199,0.01022199,300.0,Regular
2023-07-26T16:17:12.709Z,XBTUSD,Buy,100,29349.0,PlusTick,e7f2fdaf-b94a-b58f-8732-8324b6c8ccfa,340727,0.00340727,100.0,Regular
2023-07-26T16:17:12.709Z,XBTUSD,Buy,100,29349.0,ZeroPlusTick,c08a44b2-2013-5deb-1ce0-b43d00b69913,340727,0.00340727,100.0,Regular
2023-07-26T16:17:12.709Z,XBTUSD,Buy,800,29350.5,PlusTick,8d1d903c-0dfc-1ee2-2d5a-77c04ac15c60,2725680,0.0272568,800.0,Regular
2023-07-26T16:17:13.074Z,XBTUSD,Sell,100,29349.5,MinusTick,534a8496-4600-e545-4a4e-d5cf33b3ca35,340721,0.00340721,100.0,Regular
2023-07-26T16:17:13.626Z,XBTUSD,Buy,100,29350.0,PlusTick,f56f35ff-5817-73d0-407a-21bf69ba1f6a,340716,0.00340716,100.0,Regular
2023-07-26T16:17:13.626Z,XBTUSD,Buy,900,29350.0,ZeroPlusTick,63188862-23e4-a525-a2e3-427848ad4e88,3066444,0.03066444,900.0,Regular
2023-07-26T16:17:14.121Z,XBTUSD,Sell,200,29349.5,MinusTick,e88401bd-8f26-7c8d-314b-7a32e7efdaa3,681442,0.00681442,200.0,Regular
2023-07-26T16:17:14.174Z,XBTUSD,Buy,1000,29350.0,PlusTick,f3ba034a-831f-c661-49de-f6a377750dd7,3407160,0.0340716,1000.0,Regular
2023-07-26T16:17:15.161Z,XBTUSD,Sell,300,29349.5,MinusTick,204b1d91-e351-6642-92bd-b2ed1d4076c3,1022163,0.01022163,300.0,Regular
2023-07-26T16:17:16.198Z,XBTUSD,Sell,100,29349.5,ZeroMinusTick,66dd39aa-7f41-fd0e-7f6e-cbd5ad53b7e8,340721,0.00340721,100.0,Regular
2023-07-26T16:17:17.238Z,XBTUSD,Sell,200,29349.5,ZeroMinusTick,9794ca7d-26ce-09b0-aff8-a68a4ec963a1,681442,0.00681442,200.0,Regular
2023-07-26T16:17:19.061Z,XBTUSD,Buy,7200,29350.0,PlusTick,25d1eadd-5294-6806-11ff-d79d0c84ccb0,24531552,0.24531552,7200.0,Regular
2023-07-26T16:17:23.433Z,XBTUSD,Buy,200,29350.0,ZeroPlusTick,e5ccc8c6-70e9-dd39-46cb-c77bfde943d5,681432,0.00681432,200.0,Regular
2023-07-26T16:17:23.433Z,XBTUSD,Buy,300,29350.0,ZeroPlusTick,e4844d6e-841f-e205-c015-ebc7a854b432,1022148,0.01022148,300.0,Regular
2023-07-26T16:17:23.602Z,XBTUSD,Sell,2200,29349.5,MinusTick,4570585e-cffa-39b6-8519-9902739c8c87,7495862,0.07495862,2200.0,Regular
2023-07-26T16:17:23.602Z,XBTUSD,Sell,55900,29349.5,ZeroMinusTick,f25ce359-9862-91da-0779-2d6844d7c085,190463039,1.90463039,55900.0,Regular
2023-07-26T16:17:23.602Z,XBTUSD,Sell,4700,29349.5,ZeroMinusTick,7dfe8416-2ff0-97c7-952e-a2d9888e08d4,16013887,0.16013887,4700.0,Regular
2023-07-26T16:17:23.602Z,XBTUSD,Sell,200,29349.5,ZeroMinusTick,4bc70cf2-95f0-877e-4c23-e95dd411f1db,681442,0.00681442,200.0,Regular
2023-07-26T16:17:23.602Z,XBTUSD,Sell,3700,29349.5,ZeroMinusTick,f293d2fa-856c-337c-3270-682e6ed9b8ce,12606677,0.12606677,3700.0,Regular
2023-07-26T16:17:23.602Z,XBTUSD,Sell,1500,29349.5,ZeroMinusTick,3025a563-b8fa-4923-b6b3-27c1bc31e63c,5110815,0.05110815,1500.0,Regular
2023-07-26T16:17:23.602Z,XBTUSD,Sell,27600,29349.5,ZeroMinusTick,1c244bc7-69fe-1d10-ba40-515c005c5076,94038996,0.94038996,27600.0,Regular
2023-07-26T16:17:23.602Z,XBTUSD,Sell,500,29349.5,ZeroMinusTick,c7d1e3ba-7411-d899-de65-04032b8e6dd3,1703605,0.01703605,500.0,Regular
2023-07-26T16:17:25.528Z,XBTUSD,Buy,100,29349.0,MinusTick,61cad1d3-dbdf-8ff0-050e-23920cfd0e28,340727,0.00340727,100.0,Regular
2023-07-26T16:17:26.070Z,XBTUSD,Buy,100,29349.0,ZeroMinusTick,e3466517-7b53-c9b2-e8cb-a3716d3fb5b0,340727,0.00340727,100.0,Regular
2023-07-26T16:17:26.553Z,XBTUSD,Buy,100,29349.0,ZeroMinusTick,6d4d4c3d-fd23-1b5c-5482-a71922bc74a9,340727,0.00340727,100.0,Regular
2023-07-26T16:17:26.824Z,XBTUSD,Sell,6700,29348.5,MinusTick,cf2c37de-2cd2-a892-0ec2-422419b2cd51,22829111,0.22829111,6700.0,Regular
2023-07-26T16:17:26.824Z,XBTUSD,Sell,700,29348.5,ZeroMinusTick,1cb389f1-aad1-554f-5132-1de2e618a53a,2385131,0.02385131,700.0,Regular
2023-07-26T16:17:26.824Z,XBTUSD,Sell,55900,29348.5,ZeroMinusTick,b2b93a5d-76ba-dffd-e0bb-0dc536298ab1,190469747,1.90469747,55900.0,Regular
2023-07-26T16:17:26.824Z,XBTUSD,Sell,100,29348.5,ZeroMinusTick,7ad8c2e0-710d-b8b3-c554-41b5415f0a4d,340733,0.00340733,100.0,Regular
2023-07-26T16:17:35.713Z,XBTUSD,Sell,9100,29344.5,MinusTick,c59c4db1-86e6-d20a-eed8-26f4b01db089,31010889,0.31010889,9100.0,Regular
2023-07-26T16:17:35.713Z,XBTUSD,Sell,5000,29344.5,ZeroMinusTick,95a2e902-b794-3d8f-d7af-a91108e61e9f,17038950,0.1703895,5000.0,Regular
2023-07-26T16:17:35.713Z,XBTUSD,Sell,55900,29344.5,ZeroMinusTick,cb42442d-9ea0-a62a-b877-9ff79de54518,190495461,1.90495461,55900.0,Regular
2023-07-26T16:17:35.713Z,XBTUSD,Sell,30000,29344.5,ZeroMinusTick,f1cffc4f-6020-0d9c-1d97-737ef42f32e5,102233700,1.022337,30000.0,Regular
2023-07-26T16:17:35.713Z,XBTUSD,Sell,5000,29344.5,ZeroMinusTick,c1ddd668-7b1f-10e1-58b5-b38a25c46012,17038950,0.1703895,5000.0,Regular
2023-07-26T16:17:35.713Z,XBTUSD,Sell,5000,29344.5,ZeroMinusTick,5e9b9ed7-3f77-2b5a-5ca8-44a580e5c13b,17038950,0.1703895,5000.0,Regular
2023-07-26T16:17:35.907Z,XBTUSD,Sell,6700,29344.0,MinusTick,507b9a0c-2886-e0de-5efe-fb703856ac04,22832595,0.22832595,6700.0,Regular
2023-07-26T16:17:35.907Z,XBTUSD,Sell,58700,29344.0,ZeroMinusTick,5d8748ea-bed2-2a9a-8df4-625ff1332996,200040795,2.00040795,58700.0,Regular
2023-07-26T16:17:35.907Z,XBTUSD,Sell,5000,29344.0,ZeroMinusTick,7b649fdc-b416-eb41-d96b-d7b50c105eaa,17039250,0.1703925,5000.0,Regular
2023-07-26T16:17:35.907Z,XBTUSD,Sell,300,29344.0,ZeroMinusTick,5f692127-18ec-a4fc-7074-56f5d843c98e,1022355,0.01022355,300.0,Regular
2023-07-26T16:17:35.907Z,XBTUSD,Sell,300,29344.0,ZeroMinusTick,7b63d62a-12cb-5242-f27c-cc6b666f151c,1022355,0.01022355,300.0,Regular
2023-07-26T16:17:37.857Z,XBTUSD,Sell,3000,29341.5,MinusTick,e1e22920-daab-b69d-708e-ca213352d1d4,10224420,0.1022442,3000.0,Regular
2023-07-26T16:17:37.857Z,XBTUSD,Sell,2000,29341.5,ZeroMinusTick,0fc9c8ec-4305-1416-292e-c6d342a4aa48,6816280,0.0681628,2000.0,Regular
2023-07-26T16:17:40.331Z,XBTUSD,Sell,6800,29341.5,ZeroMinusTick,e56900c7-15c9-6bf8-a5b1-2484cad8e6fe,23175352,0.23175352,6800.0,Regular
2023-07-26T16:17:40.331Z,XBTUSD,Sell,12400,29341.5,ZeroMinusTick,ea2be036-abf0-aa11-7f03-affdca13bd86,42260936,0.42260936,12400.0,Regular
2023-07-26T16:17:40.331Z,XBTUSD,Sell,1000,29341.5,ZeroMinusTick,166c9f22-4fd0-39ef-5fd0-e841e6501a0f,3408140,0.0340814,1000.0,Regular
2023-07-26T16:17:40.331Z,XBTUSD,Sell,300,29341.5,ZeroMinusTick,1b65d8f6-a810-1cc7-4540-baf523f89bd9,1022442,0.01022442,300.0,Regular
2023-07-26T16:17:40.331Z,XBTUSD,Sell,300,29341.5,ZeroMinusTick,962e30fb-07d7-7081-fb28-a2a47fab76ef,1022442,0.01022442,300.0,Regular
2023-07-26T16:17:40.331Z,XBTUSD,Sell,30000,29341.5,ZeroMinusTick,f15c44f4-6a20-f8f6-a736-825517c7a3bd,102244200,1.022442,30000.0,Regular
2023-07-26T16:17:40.331Z,XBTUSD,Sell,55900,29341.5,ZeroMinusTick,329017a8-4ef2-684c-fa33-7a35addc24ba,190515026,1.90515026,55900.0,Regular
2023-07-26T16:17:40.331Z,XBTUSD,Sell,900,29341.5,ZeroMinusTick,5652eeb6-7c7b-9e50-5d95-ff57fa3c11b5,3067326,0.03067326,900.0,Regular
2023-07-26T16:17:40.511Z,XBTUSD,Buy,5000,29341.5,ZeroMinusTick,7d1bc43f-5cce-6376-4cac-93626dd81361,17040700,0.170407,5000.0,Regular
2023-07-26T16:17:46.398Z,XBTUSD,Buy,5900,29341.5,ZeroMinusTick,d5e1166f-2d05-df00-172a-210a9c7207b8,20108026,0.20108026,5900.0,Regular
2023-07-26T16:17:46.398Z,XBTUSD,Buy,300,29341.5,ZeroMinusTick,4f849570-2a12-ec64-774d-4e642dc4ec3c,1022442,0.01022442,300.0,Regular
2023-07-26T16:17:46.398Z,XBTUSD,Buy,3200,29341.5,ZeroMinusTick,56b161f5-c124-2657-0573-01a9a8599212,10906048,0.10906048,3200.0,Regular
2023-07-26T16:17:46.398Z,XBTUSD,Buy,100,29341.5,ZeroMinusTick,1714381d-d0a9-7286-84f6-3d55e34fdc91,340814,0.00340814,100.0,Regular
2023-07-26T16:17:46.398Z,XBTUSD,Buy,200,29341.5,ZeroMinusTick,a54c51c3-8127-80fe-5db3-add0e9858576,681628,0.00681628,200.0,Regular
2023-07-26T16:17:46.398Z,XBTUSD,Buy,1400,29341.5,ZeroMinusTick,13c044e2-b75c-bf50-f137-fa0dc77a1789,4771396,0.04771396,1400.0,Regular
2023-07-26T16:17:46.422Z,XBTUSD,Buy,100,29342.0,PlusTick,f27f4a82-8457-dc7f-6494-bb7a49cfd3ce,340808,0.00340808,100.0,Regular
2023-07-26T16:17:46.422Z,XBTUSD,Buy,900,29342.0,ZeroPlusTick,91e5c6c9-3e9c-e196-6d06-1be4fafa2f14,3067272,0.03067272,900.0,Regular
2023-07-26T16:17:50.649Z,XBTUSD,Buy,100,29344.5,PlusTick,313955c6-1158-242f-053b-a505c0e7453b,340779,0.00340779,100.0,Regular
2023-07-26T16:17:50.649Z,XBTUSD,Buy,4900,29348.0,PlusTick,35fc7c22-368e-4b06-257a-37d89f701ba2,16696211,0.16696211,4900.0,Regular
2023-07-26T16:18:10.048Z,XBTUSD,Buy,400,29346.0,MinusTick,18fdc9f1-43b1-3b42-73fc-97e29f864b05,1363048,0.01363048,400.0,Regular
2023-07-26T16:18:10.065Z,XBTUSD,Buy,1600,29346.0,ZeroMinusTick,be1cdcdd-7825-60d1-658d-865ddad71232,5452192,0.05452192,1600.0,Regular
2023-07-26T16:18:19.221Z,XBTUSD,Sell,55900,29345.5,MinusTick,c2dc5060-0134-d9ee-f2c2-553de825997e,190489312,1.90489312,55900.0,Regular
2023-07-26T16:18:19.221Z,XBTUSD,Sell,5000,29345.5,ZeroMinusTick,0b7e5a1f-d96f-54c3-6e6c-236f18158ab3,17038400,0.170384,5000.0,Regular
2023-07-26T16:18:19.221Z,XBTUSD,Sell,200,29345.5,ZeroMinusTick,48454b82-4b5c-0a06-776c-9a638988927d,681536,0.00681536,200.0,Regular
2023-07-26T16:18:19.221Z,XBTUSD,Sell,2700,29345.5,ZeroMinusTick,9a3e11d9-a0d1-cede-3153-f0bce39e1ffc,9200736,0.09200736,2700.0,Regular
2023-07-26T16:18:19.221Z,XBTUSD,Sell,6600,29345.5,ZeroMinusTick,c9cf4b43-7310-fc57-02cf-52fc244143cf,22490688,0.22490688,6600.0,Regular
2023-07-26T16:18:19.221Z,XBTUSD,Sell,6000,29345.5,ZeroMinusTick,1b6cd040-543c-3b0a-f1ef-c386e1f1c0fb,20446080,0.2044608,6000.0,Regular
2023-07-26T16:18:19.221Z,XBTUSD,Sell,800,29345.5,ZeroMinusTick,365ec48d-4f77-67f3-90fc-3715c46ddd2c,2726144,0.02726144,800.0,Regular
2023-07-26T16:18:19.221Z,XBTUSD,Sell,2900,29345.5,ZeroMinusTick,9e2a9dc2-86a3-b33b-94c9-339a29a39810,9882272,0.09882272,2900.0,Regular
2023-07-26T16:18:19.223Z,XBTUSD,Sell,2900,29345.5,ZeroMinusTick,eeb55069-7e0c-18a8-588d-40adee3e126e,9882272,0.09882272,2900.0,Regular
2023-07-26T16:18:19.223Z,XBTUSD,Sell,100,29345.5,ZeroMinusTick,32e51da7-e85c-fc18-73b7-a15d74df2105,340768,0.00340768,100.0,Regular
2023-07-26T16:18:19.223Z,XBTUSD,Sell,400,29345.5,ZeroMinusTick,a2be5adf-ff1b-ce3e-0cae-7c2070b34a36,1363072,0.01363072,400.0,Regular
2023-07-26T16:18:19.223Z,XBTUSD,Sell,38100,29345.0,MinusTick,cde2adf6-581f-949b-cb19-da9a0c9a2d7b,129834894,1.29834894,38100.0,Regular
2023-07-26T16:18:19.233Z,XBTUSD,Sell,800,29345.0,ZeroMinusTick,35bf3ac5-cf58-1a88-348f-ebe1a4102926,2726192,0.02726192,800.0,Regular
2023-07-26T16:18:19.233Z,XBTUSD,Sell,200,29344.5,MinusTick,95324236-2291-9976-84b4-5cd31ca9a2b3,681558,0.00681558,200.0,Regular
2023-07-26T16:18:19.233Z,XBTUSD,Sell,9400,29344.0,MinusTick,54b2ac44-b2e0-e14f-9a14-067ad7c98599,32033790,0.3203379,9400.0,Regular
2023-07-26T16:18:19.233Z,XBTUSD,Sell,100,29344.0,ZeroMinusTick,d8e2620c-ef2a-cc8a-fe02-a8b42b6f33e7,340785,0.00340785,100.0,Regular
2023-07-26T16:18:19.233Z,XBTUSD,Sell,10000,29344.0,ZeroMinusTick,4280d3e9-283f-f619-bacf-cd8978d7bae3,34078500,0.340785,10000.0,Regular
2023-07-26T16:18:19.233Z,XBTUSD,Sell,4000,29344.0,ZeroMinusTick,8d5e0555-3e55-832f-58b1-b15ce99266af,13631400,0.136314,4000.0,Regular
2023-07-26T16:18:19.233Z,XBTUSD,Sell,2000,29344.0,ZeroMinusTick,85cf1f85-e95f-a86c-cfe7-005c07254bf9,6815700,0.068157,2000.0,Regular
2023-07-26T16:18:23.935Z,XBTUSD,Sell,3300,29343.0,MinusTick,aae0699b-51c4-0b18-04bd-2e642b5f6e04,11246301,0.11246301,3300.0,Regular
2023-07-26T16:18:23.944Z,XBTUSD,Sell,3400,29343.0,ZeroMinusTick,ed5d7c6c-b757-c946-fc8c-a355d70ec9f7,11587098,0.11587098,3400.0,Regular
2023-07-26T16:18:23.944Z,XBTUSD,Sell,23300,29343.0,ZeroMinusTick,e993bfe1-e3f2-1d93-8f21-3d2666d90252,79405701,0.79405701,23300.0,Regular
2023-07-26T16:18:23.946Z,XBTUSD,Sell,6700,29343.0,ZeroMinusTick,d6c88635-864f-5997-09b5-b241a71e6267,22833399,0.22833399,6700.0,Regular
2023-07-26T16:18:23.946Z,XBTUSD,Sell,300,29342.5,MinusTick,e96f41ac-3bb7-fa70-2c83-b5571338f808,1022409,0.01022409,300.0,Regular
2023-07-26T16:18:23.946Z,XBTUSD,Sell,11700,29342.5,ZeroMinusTick,f7db325f-9656-9130-4a4f-2cb1e81a7186,39873951,0.39873951,11700.0,Regular
2023-07-26T16:18:24.412Z,XBTUSD,Sell,300,29341.5,MinusTick,c3e6892b-2088-965c-6189-1572b399d7ce,1022442,0.01022442,300.0,Regular
2023-07-26T16:18:24.412Z,XBTUSD,Sell,300,29341.5,ZeroMinusTick,ab1f8906-a7d1-df32-e236-2751352cb155,1022442,0.01022442,300.0,Regular
2023-07-26T16:18:24.412Z,XBTUSD,Sell,1100,29341.5,ZeroMinusTick,a35d60e3-14e1-b672-f7e7-e9ec0145467c,3748954,0.03748954,1100.0,Regular
2023-07-26T16:18:24.472Z,XBTUSD,Sell,2100,29341.5,ZeroMinusTick,4f08873b-bc60-95cb-08a5-b17111dd70a4,7157094,0.07157094,2100.0,Regular
2023-07-26T16:18:24.499Z,XBTUSD,Sell,3300,29341.5,ZeroMinusTick,68db40e0-ee22-1554-a33a-1dcb88ee53ce,11246862,0.11246862,3300.0,Regular
2023-07-26T16:18:29.182Z,XBTUSD,Sell,100,29338.0,MinusTick,ca9b7f67-0c15-dcfe-8a06-9d82e8cc2972,340855,0.00340855,100.0,Regular
2023-07-26T16:18:29.182Z,XBTUSD,Sell,16800,29338.0,ZeroMinusTick,4b7a7f2c-b7f1-7df0-c6b4-5e0c43e4377a,57263640,0.5726364,16800.0,Regular
2023-07-26T16:18:29.182Z,XBTUSD,Sell,55900,29338.0,ZeroMinusTick,96d88917-91f1-22fc-cc5e-389719aa3214,190537945,1.90537945,55900.0,Regular
2023-07-26T16:18:29.182Z,XBTUSD,Sell,800,29338.0,ZeroMinusTick,d917d0bd-88f8-b4e5-0ce1-e6e102e0e988,2726840,0.0272684,800.0,Regular
2023-07-26T16:18:29.182Z,XBTUSD,Sell,100,29338.0,ZeroMinusTick,6fcaffb6-36da-d2cb-792c-5c20bf37b678,340855,0.00340855,100.0,Regular
2023-07-26T16:18:29.182Z,XBTUSD,Sell,600,29338.0,ZeroMinusTick,e7b1e7f4-7fd1-d6a6-8c62-ec574a4de92d,2045130,0.0204513,600.0,Regular
2023-07-26T16:18:30.082Z,XBTUSD,Buy,17800,29338.0,ZeroMinusTick,556b997a-cbec-156b-ea9e-c50029e6355d,60672190,0.6067219,17800.0,Regular
2023-07-26T16:18:30.131Z,XBTUSD,Buy,10200,29338.0,ZeroMinusTick,61c67004-82c8-aa43-1c6b-3b63d2575e09,34767210,0.3476721,10200.0,Regular
2023-07-26T16:18:30.131Z,XBTUSD,Buy,29900,29338.0,ZeroMinusTick,0bfb88ef-8e8d-10c4-5355-aef1d182f76e,101915645,1.01915645,29900.0,Regular
2023-07-26T16:18:30.131Z,XBTUSD,Buy,100,29338.0,ZeroMinusTick,bf1ea4fb-9ef9-dcb4-d13d-2f7cdfbb4dc5,340855,0.00340855,100.0,Regular
2023-07-26T16:18:30.131Z,XBTUSD,Buy,22300,29338.0,ZeroMinusTick,aac0a282-b9e4-be23-ba44-9fd2f29460e7,76010665,0.76010665,22300.0,Regular
2023-07-26T16:18:30.175Z,XBTUSD,Buy,14800,29338.5,PlusTick,045071dc-7748-c271-2a45-ec44072df844,50445652,0.50445652,14800.0,Regular
2023-07-26T16:18:30.175Z,XBTUSD,Buy,5200,29338.5,ZeroPlusTick,2f0f99f0-0ea5-a8e5-8b6c-a039c51a2d24,17724148,0.17724148,5200.0,Regular
2023-07-26T16:18:30.185Z,XBTUSD,Buy,13500,29338.5,ZeroPlusTick,861aece7-7a23-eb51-6979-374c8eb0c560,46014615,0.46014615,13500.0,Regular
2023-07-26T16:18:30.185Z,XBTUSD,Buy,300,29338.5,ZeroPlusTick,b821cbab-fe09-d9dc-a39c-e905ae8726f9,1022547,0.01022547,300.0,Regular
2023-07-26T16:18:30.527Z,XBTUSD,Sell,5400,29340.5,PlusTick,b2211f71-cf69-cd29-f1b3-e5b45f3e8119,18404604,0.18404604,5400.0,Regular
2023-07-26T16:18:30.527Z,XBTUSD,Sell,34600,29340.5,ZeroPlusTick,1ca9f46b-e191-7795-c24a-b47ab19024e8,117925796,1.17925796,34600.0,Regular
2023-07-26T16:18:30.565Z,XBTUSD,Buy,100,29341.0,PlusTick,cb391141-0fb6-7497-8f0e-4883b1d8f7ad,340820,0.0034082,100.0,Regular
2023-07-26T16:18:34.206Z,XBTUSD,Sell,20000,29344.5,PlusTick,754d4591-5053-9e9f-46fe-c0a9c1b0caf9,68155800,0.681558,20000.0,Regular
2023-07-26T16:18:42.282Z,XBTUSD,Buy,100,29345.0,PlusTick,5a59206f-bca7-2c23-4aeb-bc6b31f1f303,340774,0.00340774,100.0,Regular
2023-07-26T16:18:42.282Z,XBTUSD,Buy,100,29345.0,ZeroPlusTick,ef05718b-ef76-93c3-5186-f335fa3ffe3e,340774,0.00340774,100.0,Regular
2023-07-26T16:18:42.282Z,XBTUSD,Buy,100,29345.0,ZeroPlusTick,047f9dd4-d2da-eda7-82f0-24a8b9f07e95,340774,0.00340774,100.0,Regular
2023-07-26T16:18:42.282Z,XBTUSD,Buy,100,29345.0,ZeroPlusTick,de11878f-7e8b-b322-4810-623cd0ecc5f7,340774,0.00340774,100.0,Regular
2023-07-26T16:18:42.282Z,XBTUSD,Buy,4300,29345.0,ZeroPlusTick,78e5dc91-8ac6-001f-2606-480968860560,14653282,0.14653282,4300.0,Regular
2023-07-26T16:18:43.202Z,XBTUSD,Sell,10000,29344.5,MinusTick,3aff32ca-d8da-4e58-99b9-0d8aeb112521,34077900,0.340779,10000.0,Regular
2023-07-26T16:18:45.343Z,XBTUSD,Buy,8000,29346.0,PlusTick,88b48c37-8cd2-9a0d-5545-805364222c47,27260960,0.2726096,8000.0,Regular
2023-07-26T16:18:45.343Z,XBTUSD,Buy,10000,29346.0,ZeroPlusTick,4b2a2620-e2c2-bcb7-3dbe-3e2e9656133f,34076200,0.340762,10000.0,Regular
2023-07-26T16:18:51.761Z,XBTUSD,Sell,55900,29347.0,PlusTick,be148430-75ad-9f35-4238-958944d05c5c,190479250,1.9047925,55900.0,Regular
2023-07-26T16:19:01.303Z,XBTUSD,Sell,3000,29347.5,PlusTick,720b90fb-9bd6-303c-9475-983d31714ce5,10222350,0.1022235,3000.0,Regular
2023-07-26T16:19:01.303Z,XBTUSD,Sell,200,29347.5,ZeroPlusTick,9be5eaee-8641-521f-f05c-687fffbc53d3,681490,0.0068149,200.0,Regular
2023-07-26T16:19:01.303Z,XBTUSD,Sell,55900,29347.5,ZeroPlusTick,36e3e9a4-c8f8-c62a-e7ac-3d4884762609,190476455,1.90476455,55900.0,Regular
2023-07-26T16:19:11.273Z,XBTUSD,Sell,5000,29345.5,MinusTick,4ebf5cdb-902d-113e-8bd1-b780f38912de,17038400,0.170384,5000.0,Regular
2023-07-26T16:19:11.273Z,XBTUSD,Sell,6000,29345.0,MinusTick,7dc7fd7d-f3aa-0a7a-ba14-2cf51485e393,20446440,0.2044644,6000.0,Regular
2023-07-26T16:19:11.273Z,XBTUSD,Sell,20000,29344.5,MinusTick,f11368e2-dd45-14b0-8a48-ebf7507ab642,68155800,0.681558,20000.0,Regular
2023-07-26T16:19:11.273Z,XBTUSD,Sell,5000,29344.5,ZeroMinusTick,ec2c8048-58b3-22e2-d627-d7082228bf0f,17038950,0.1703895,5000.0,Regular
2023-07-26T16:19:11.287Z,XBTUSD,Sell,55900,29343.5,MinusTick,f60d5e8c-b6c4-ea97-b540-283e97ec1a54,190502169,1.90502169,55900.0,Regular
2023-07-26T16:19:12.706Z,XBTUSD,Sell,5000,29342.0,MinusTick,70d2e19b-8e69-f9bd-2c0a-0f53be5251ec,17040400,0.170404,5000.0,Regular
2023-07-26T16:19:12.706Z,XBTUSD,Sell,300,29342.0,ZeroMinusTick,2bd213ac-2986-19c9-895c-52eca985127f,1022424,0.01022424,300.0,Regular
2023-07-26T16:19:12.706Z,XBTUSD,Sell,30000,29342.0,ZeroMinusTick,3a14b1c3-d652-471b-6e6c-838e200d1e33,102242400,1.022424,30000.0,Regular
2023-07-26T16:19:12.706Z,XBTUSD,Sell,300,29342.0,ZeroMinusTick,c8f7b227-1a22-d884-2e08-fc12be2b4cd4,1022424,0.01022424,300.0,Regular
2023-07-26T16:19:12.706Z,XBTUSD,Sell,121300,29341.5,MinusTick,9fa1e1dd-b307-0a09-5486-44d25df4fd82,413407382,4.13407382,121300.0,Regular
2023-07-26T16:19:12.706Z,XBTUSD,Sell,100,29341.5,ZeroMinusTick,f4ef6180-5df7-ad81-f7fc-60c820db8678,340814,0.00340814,100.0,Regular
2023-07-26T16:19:12.706Z,XBTUSD,Sell,200,29340.5,MinusTick,7a7ffe3f-4f6e-2b63-b335-bc003cd80d45,681652,0.00681652,200.0,Regular
2023-07-26T16:19:12.735Z,XBTUSD,Sell,100,29340.5,ZeroMinusTick,4f9fc728-7786-78ae-f1ba-38263e76638f,340826,0.00340826,100.0,Regular
2023-07-26T16:19:13.353Z,XBTUSD,Sell,300,29339.0,MinusTick,ef3be17d-0b1e-8358-e675-bd4420c473b3,1022529,0.01022529,300.0,Regular
2023-07-26T16:19:13.353Z,XBTUSD,Sell,300,29339.0,ZeroMinusTick,612af170-2efa-1348-03ce-817fa6779104,1022529,0.01022529,300.0,Regular
2023-07-26T16:19:13.353Z,XBTUSD,Sell,30000,29339.0,ZeroMinusTick,750066b7-6d43-699b-30e0-85358441381b,102252900,1.022529,30000.0,Regular
2023-07-26T16:19:15.055Z,XBTUSD,Sell,1000,29337.5,MinusTick,54b2e4ea-aece-fac5-5a5b-0a58e460c82b,3408610,0.0340861,1000.0,Regular
2023-07-26T16:19:15.869Z,XBTUSD,Sell,300,29334.5,MinusTick,414a31c2-3908-2fc0-353c-d2b0d2508b12,1022688,0.01022688,300.0,Regular
2023-07-26T16:19:15.869Z,XBTUSD,Sell,300,29334.5,ZeroMinusTick,29bec22e-02b9-0858-da90-a8b5f0129033,1022688,0.01022688,300.0,Regular
2023-07-26T16:19:15.869Z,XBTUSD,Sell,30000,29334.5,ZeroMinusTick,c9b2898c-03da-47d1-0a24-6515013b7b0c,102268800,1.022688,30000.0,Regular
2023-07-26T16:19:18.385Z,XBTUSD,Buy,27700,29332.5,MinusTick,0c0451ad-64cb-9eca-5ce8-925c9cfc2e8a,94434563,0.94434563,27700.0,Regular
2023-07-26T16:19:18.385Z,XBTUSD,Buy,22300,29332.5,ZeroMinusTick,91d816c1-b198-f8df-cb58-a3c9606b32e2,76024937,0.76024937,22300.0,Regular
2023-07-26T16:19:24.610Z,XBTUSD,Sell,300,29332.0,MinusTick,ceb3afe2-6786-e797-925b-9ebd8aae7efb,1022775,0.01022775,300.0,Regular
2023-07-26T16:19:24.610Z,XBTUSD,Sell,300,29332.0,ZeroMinusTick,4660a471-d069-226a-710b-0de8609633b9,1022775,0.01022775,300.0,Regular
2023-07-26T16:19:24.610Z,XBTUSD,Sell,30000,29332.0,ZeroMinusTick,2441d128-8d5c-32b6-f48b-88f1ab8d8ef7,102277500,1.022775,30000.0,Regular
2023-07-26T16:19:24.614Z,XBTUSD,Sell,6700,29330.5,MinusTick,0dabb5a4-271b-8fad-2b55-90fce566f7f8,22843114,0.22843114,6700.0,Regular
2023-07-26T16:19:24.614Z,XBTUSD,Sell,800,29330.5,ZeroMinusTick,f4dcc79b-82e0-1061-4ff1-70275940b163,2727536,0.02727536,800.0,Regular
2023-07-26T16:19:24.614Z,XBTUSD,Sell,100,29330.0,MinusTick,17b4d889-dca2-d441-363e-b68d9b61c8a4,340948,0.00340948,100.0,Regular
2023-07-26T16:19:24.614Z,XBTUSD,Sell,800,29330.0,ZeroMinusTick,86f3f865-aed8-acaf-428d-1107236c12d9,2727584,0.02727584,800.0,Regular
2023-07-26T16:19:24.614Z,XBTUSD,Sell,21600,29329.5,MinusTick,bc835e2c-73b0-018d-1eba-707ed68d7a2b,73646064,0.73646064,21600.0,Regular
2023-07-26T16:19:24.616Z,XBTUSD,Sell,34300,29329.5,ZeroMinusTick,0abee637-795a-f46d-0290-9c7879a50276,116947222,1.16947222,34300.0,Regular
2023-07-26T16:19:24.619Z,XBTUSD,Sell,2200,29329.0,MinusTick,07562dc6-32fe-dd9e-4033-6fe8d1c9241f,7501098,0.07501098,2200.0,Regular
2023-07-26T16:19:24.619Z,XBTUSD,Sell,3300,29329.0,ZeroMinusTick,6345e288-5ef8-4356-6e64-b25e97baab27,11251647,0.11251647,3300.0,Regular
2023-07-26T16:19:24.619Z,XBTUSD,Sell,12400,29329.0,ZeroMinusTick,c5b48eaa-cf8e-9eea-566c-037b198694a8,42278916,0.42278916,12400.0,Regular
2023-07-26T16:19:24.619Z,XBTUSD,Sell,8800,29329.0,ZeroMinusTick,91db18aa-2468-f0a2-8e9f-6334facc8588,30004392,0.30004392,8800.0,Regular
2023-07-26T16:19:35.987Z,XBTUSD,Sell,100,29327.5,MinusTick,bc59c625-60a0-9201-a576-31da9c5dfb0e,340977,0.00340977,100.0,Regular
2023-07-26T16:19:35.987Z,XBTUSD,Sell,30000,29327.5,ZeroMinusTick,560908d0-9688-bbdb-70b5-0cc58378df0d,102293100,1.022931,30000.0,Regular
2023-07-26T16:19:35.987Z,XBTUSD,Sell,300,29327.5,ZeroMinusTick,c5ac9f8f-a9fc-0a60-435a-1e5555cc7bff,1022931,0.01022931,300.0,Regular
2023-07-26T16:19:35.987Z,XBTUSD,Sell,300,29327.5,ZeroMinusTick,5a317629-3f40-84f1-3e5b-876605899c85,1022931,0.01022931,300.0,Regular
2023-07-26T16:19:41.421Z,XBTUSD,Buy,500,29325.0,MinusTick,610a9bf3-1bd6-d2a6-494d-8d159e57f084,1705030,0.0170503,500.0,Regular
2023-07-26T16:19:42.630Z,XBTUSD,Sell,23300,29324.5,MinusTick,202c8034-8398-ed16-0e87-d3d443327907,79455796,0.79455796,23300.0,Regular
2023-07-26T16:19:42.632Z,XBTUSD,Sell,6700,29324.5,ZeroMinusTick,136fd1f5-e611-7ce5-629a-866a8a0f6a92,22847804,0.22847804,6700.0,Regular
2023-07-26T16:19:42.632Z,XBTUSD,Sell,100,29324.0,MinusTick,87c191e9-7468-10af-6791-5151e0b6fa4c,341018,0.00341018,100.0,Regular
2023-07-26T16:19:42.636Z,XBTUSD,Sell,3300,29321.5,MinusTick,b4aad9fb-86cd-f296-c20c-539713413116,11254551,0.11254551,3300.0,Regular
2023-07-26T16:19:42.636Z,XBTUSD,Sell,300,29321.5,ZeroMinusTick,718b76ff-2f8b-ea33-fc7e-157bfabce668,1023141,0.01023141,300.0,Regular
2023-07-26T16:19:42.638Z,XBTUSD,Sell,3300,29321.0,MinusTick,73b556ae-fc53-8a5b-9658-f28df1c9e58b,11254716,0.11254716,3300.0,Regular
2023-07-26T16:19:42.638Z,XBTUSD,Sell,300,29321.0,ZeroMinusTick,a419ff80-b712-81a7-3bea-ad8c93597261,1023156,0.01023156,300.0,Regular
2023-07-26T16:19:42.638Z,XBTUSD,Sell,5800,29320.5,MinusTick,45701d67-2a0c-ddd1-f667-cf9d37c449a0,19781364,0.19781364,5800.0,Regular
2023-07-26T16:19:42.638Z,XBTUSD,Sell,3300,29320.5,ZeroMinusTick,bd77f626-f44e-51b5-2385-33049f4233cf,11254914,0.11254914,3300.0,Regular
2023-07-26T16:19:42.638Z,XBTUSD,Sell,800,29320.5,ZeroMinusTick,417049ae-9cec-d200-94b7-73d83c17a177,2728464,0.02728464,800.0,Regular
2023-07-26T16:19:42.650Z,XBTUSD,Sell,100,29320.0,MinusTick,d3cc71e3-abca-a417-b14f-9172fa84cf9a,341064,0.00341064,100.0,Regular
2023-07-26T16:19:42.650Z,XBTUSD,Sell,100,29320.0,ZeroMinusTick,0300872f-76f7-b3c5-e098-3ae1f7494f70,341064,0.00341064,100.0,Regular
2023-07-26T16:19:42.650Z,XBTUSD,Sell,3300,29320.0,ZeroMinusTick,2dd174ff-60c0-ee45-7397-b81ec6faeb40,11255112,0.11255112,3300.0,Regular
2023-07-26T16:19:42.650Z,XBTUSD,Sell,800,29320.0,ZeroMinusTick,78abb7e1-60aa-ada8-18ad-48fe4bd6ae2a,2728512,0.02728512,800.0,Regular
2023-07-26T16:19:42.650Z,XBTUSD,Sell,3300,29319.0,MinusTick,faa8cff0-fb64-fa4c-d95e-61ba8c15352d,11255508,0.11255508,3300.0,Regular
2023-07-26T16:19:42.650Z,XBTUSD,Sell,12300,29319.0,ZeroMinusTick,cd1de0c3-fb63-6070-9fe8-de8525477207,41952348,0.41952348,12300.0,Regular
2023-07-26T16:19:42.655Z,XBTUSD,Sell,100,29319.0,ZeroMinusTick,004b440f-e88d-aec7-19dd-facec9142df5,341076,0.00341076,100.0,Regular
2023-07-26T16:19:42.655Z,XBTUSD,Sell,3300,29318.5,MinusTick,8ab13654-d53c-7474-5371-1533a52c4e05,11255706,0.11255706,3300.0,Regular
2023-07-26T16:19:42.655Z,XBTUSD,Sell,8700,29318.5,ZeroMinusTick,b030cf29-4363-e598-4f64-829df30d9110,29674134,0.29674134,8700.0,Regular
2023-07-26T16:19:42.660Z,XBTUSD,Sell,100,29320.5,PlusTick,fb63f704-9411-5685-b611-1313b45102ce,341058,0.00341058,100.0,Regular
2023-07-26T16:19:42.671Z,XBTUSD,Sell,100,29318.5,MinusTick,0873050f-535f-bc1b-889b-9528aee4c284,341082,0.00341082,100.0,Regular
2023-07-26T16:19:42.680Z,XBTUSD,Sell,12100,29319.0,PlusTick,7ddf2a4f-c241-0956-02d6-5986af7e095b,41270196,0.41270196,12100.0,Regular
2023-07-26T16:19:42.688Z,XBTUSD,Sell,300,29319.0,ZeroPlusTick,bc893da0-5180-9e44-2465-325f7e963752,1023228,0.01023228,300.0,Regular
2023-07-26T16:19:42.839Z,XBTUSD,Sell,800,29317.0,MinusTick,e4a5ea29-f34c-8cf5-80ab-108e22ad13cf,2728792,0.02728792,800.0,Regular
