timestamp,symbol,side,size,price,tickDirection,trdMatchID,grossValue,homeNotional,foreignNotional,trdType
2023-07-23T04:00:03.546Z,XBTUSD,Buy,100,29837.0,ZeroPlusTick,a093a771-f7e6-53ef-bbdf-2719df4b00c8,335154,0.00335154,100.0,Regular
2023-07-23T04:00:08.232Z,XBTUSD,Buy,100,29839.0,PlusTick,ad0a4237-8bc4-0ffe-5e70-52c35b07f2cb,335132,0.00335132,100.0,Regular
2023-07-23T04:00:08.232Z,XBTUSD,Buy,300,29841.0,PlusTick,4d4d7034-1538-fcf4-cb59-f058d7a0a204,1005327,0.01005327,300.0,Regular
2023-07-23T04:00:08.232Z,XBTUSD,Buy,12300,29841.5,PlusTick,d9259e38-fd55-6b1b-7517-d38e2e6a0254,41217792,0.41217792,12300.0,Regular
2023-07-23T04:00:09.951Z,XBTUSD,Buy,14100,29841.5,ZeroPlusTick,8e0f83c3-a0da-de2c-4516-58b59c0f67fa,47249664,0.47249664,14100.0,Regular
2023-07-23T04:00:10.715Z,XBTUSD,Buy,12600,29841.5,ZeroPlusTick,29c0dabd-1873-bacc-47bc-6203cc5faff6,42223104,0.42223104,12600.0,Regular
2023-07-23T04:00:12.456Z,XBTUSD,Buy,6200,29841.5,ZeroPlusTick,c93f30ad-c5e7-a31c-145d-8dd0e8cdfce9,20776448,0.20776448,6200.0,Regular
2023-07-23T04:00:12.456Z,XBTUSD,Buy,8000,29841.5,ZeroPlusTick,10e2002e-8d3d-fe61-2708-212b1847d077,26808320,0.2680832,8000.0,Regular
2023-07-23T04:00:13.517Z,XBTUSD,Buy,12700,29841.5,ZeroPlusTick,e90621da-bbf6-1097-553e-9c7054fc3345,42558208,0.42558208,12700.0,Regular
2023-07-23T04:00:13.830Z,XBTUSD,Buy,3700,29841.5,ZeroPlusTick,43cf8212-f158-7133-3dea-cab37df9de7a,12398848,0.12398848,3700.0,Regular
2023-07-23T04:00:14.967Z,XBTUSD,Buy,6700,29841.5,ZeroPlusTick,635efa96-a795-1bd5-1c88-3dedda593b16,22451968,0.22451968,6700.0,Regular
2023-07-23T04:00:14.967Z,XBTUSD,Buy,300,29841.5,ZeroPlusTick,82d507d4-4d5d-69f3-b470-ab5de0897224,1005312,0.01005312,300.0,Regular
2023-07-23T04:00:14.967Z,XBTUSD,Buy,2500,29841.5,ZeroPlusTick,f4749947-1e6a-5082-7f7d-339bd50e6da1,8377600,0.083776,2500.0,Regular
2023-07-23T04:00:14.967Z,XBTUSD,Buy,100,29842.5,PlusTick,080341dd-9326-b8aa-c540-470228266d3f,335093,0.00335093,100.0,Regular
2023-07-23T04:00:14.967Z,XBTUSD,Buy,4600,29843.0,PlusTick,4aeefe54-9abd-f5df-929d-6edbb35d735e,15414002,0.15414002,4600.0,Regular
2023-07-23T04:00:16.027Z,XBTUSD,Buy,2100,29843.0,ZeroPlusTick,52ec0f0b-9d78-8d46-f8df-1246a0ee2e05,7036827,0.07036827,2100.0,Regular
2023-07-23T04:00:16.027Z,XBTUSD,Buy,10500,29843.0,ZeroPlusTick,838f6527-7aec-59fb-8a69-b93d13f8aaee,35184135,0.35184135,10500.0,Regular
2023-07-23T04:00:17.484Z,XBTUSD,Buy,14100,29843.0,ZeroPlusTick,aa531608-50d0-1418-fa0f-c4245793f961,47247267,0.47247267,14100.0,Regular
2023-07-23T04:00:18.085Z,XBTUSD,Buy,3700,29843.0,ZeroPlusTick,c9bc44d8-ad20-7048-eab7-ef2f197ee441,12398219,0.12398219,3700.0,Regular
2023-07-23T04:00:18.531Z,XBTUSD,Buy,12700,29843.0,ZeroPlusTick,22f682ce-0046-0632-9a23-f4585a4f4cd8,42556049,0.42556049,12700.0,Regular
2023-07-23T04:00:20.289Z,XBTUSD,Buy,4400,29843.0,ZeroPlusTick,62dcc2fc-70b5-ea42-878f-8fa005f66670,14743828,0.14743828,4400.0,Regular
2023-07-23T04:00:20.289Z,XBTUSD,Buy,300,29843.0,ZeroPlusTick,fb6668d4-0214-0fde-e9e8-f8fb4e84fb55,1005261,0.01005261,300.0,Regular
2023-07-23T04:00:20.289Z,XBTUSD,Buy,4500,29843.0,ZeroPlusTick,58ec1602-d60f-876b-cab7-8c0b79af14b9,15078915,0.15078915,4500.0,Regular
2023-07-23T04:00:20.289Z,XBTUSD,Buy,1100,29844.0,PlusTick,4a1eb72f-52e3-76ea-f17d-50a5bf7f1252,3685836,0.03685836,1100.0,Regular
2023-07-23T04:00:20.289Z,XBTUSD,Buy,3900,29844.5,PlusTick,4748a326-4623-27b7-ba3d-ca24d02f2b1e,13067730,0.1306773,3900.0,Regular
2023-07-23T04:00:20.592Z,XBTUSD,Buy,3600,29844.0,MinusTick,52e2384b-3544-c663-b90c-a4768ca28c21,12062736,0.12062736,3600.0,Regular
2023-07-23T04:00:21.040Z,XBTUSD,Buy,12600,29844.0,ZeroMinusTick,87303aca-9744-3ca4-84c6-af8e16346c52,42219576,0.42219576,12600.0,Regular
2023-07-23T04:00:22.803Z,XBTUSD,Buy,14100,29844.0,ZeroMinusTick,f32ea763-f326-b2d0-d5aa-38f142abb1e5,47245716,0.47245716,14100.0,Regular
2023-07-23T04:00:23.101Z,XBTUSD,Buy,3700,29844.0,ZeroMinusTick,bc50af93-18cd-9c1a-acbd-4bfd1486c522,12397812,0.12397812,3700.0,Regular
2023-07-23T04:00:25.893Z,XBTUSD,Buy,3600,29844.0,ZeroMinusTick,501e25d5-5f6c-e86b-03e0-643ab3f0e36f,12062736,0.12062736,3600.0,Regular
2023-07-23T04:00:28.407Z,XBTUSD,Buy,3700,29844.0,ZeroMinusTick,92d9804a-c20b-99fa-62f4-c702da2dfca0,12397812,0.12397812,3700.0,Regular
2023-07-23T04:00:44.670Z,XBTUSD,Sell,37500,29843.5,MinusTick,74a83cfa-faa1-f3a5-6428-d34dbd2328f9,125655375,1.25655375,37500.0,Regular
2023-07-23T04:00:44.670Z,XBTUSD,Sell,400,29843.5,ZeroMinusTick,28e44edd-5046-8a31-aa17-716e70f44bf8,1340324,0.01340324,400.0,Regular
2023-07-23T04:00:44.670Z,XBTUSD,Sell,52700,29843.5,ZeroMinusTick,7f090f45-d3f4-374f-8b36-8494ae50d356,176587687,1.76587687,52700.0,Regular
2023-07-23T04:00:44.670Z,XBTUSD,Sell,6400,29843.5,ZeroMinusTick,5bd952a0-98e4-9c12-323b-6cbc696acb12,21445184,0.21445184,6400.0,Regular
2023-07-23T04:00:44.670Z,XBTUSD,Sell,8300,29843.5,ZeroMinusTick,12078d4f-da3e-6ffb-1142-66bd935cab9c,27811723,0.27811723,8300.0,Regular
2023-07-23T04:00:44.670Z,XBTUSD,Sell,10000,29843.5,ZeroMinusTick,1532fadc-fd7d-ea9a-d19a-a1a6eaa96c3f,33508100,0.335081,10000.0,Regular
2023-07-23T04:00:44.670Z,XBTUSD,Sell,35800,29843.0,MinusTick,a53f4b21-3b30-8afb-eb45-61deaf28ad53,119961146,1.19961146,35800.0,Regular
2023-07-23T04:00:44.670Z,XBTUSD,Sell,37500,29842.5,MinusTick,e4a3671f-6c9a-7300-c3f6-e2f05999f2ec,125659875,1.25659875,37500.0,Regular
2023-07-23T04:00:44.670Z,XBTUSD,Sell,37500,29842.5,ZeroMinusTick,968523d7-feec-0473-10a8-00e61726e196,125659875,1.25659875,37500.0,Regular
2023-07-23T04:00:44.670Z,XBTUSD,Sell,100,29842.5,ZeroMinusTick,595f07f4-462c-fb5b-1014-9b7329b176ce,335093,0.00335093,100.0,Regular
2023-07-23T04:00:44.670Z,XBTUSD,Sell,100,29842.5,ZeroMinusTick,52989c4f-4836-73db-56d0-13dfc8ad95aa,335093,0.00335093,100.0,Regular
2023-07-23T04:00:44.670Z,XBTUSD,Sell,100,29840.0,MinusTick,b837f344-3be9-e557-bd13-d2031f19b7e2,335121,0.00335121,100.0,Regular
2023-07-23T04:00:44.670Z,XBTUSD,Sell,100,29839.5,MinusTick,1c5936ef-a687-09fd-59e0-a15f1197c657,335126,0.00335126,100.0,Regular
2023-07-23T04:00:44.670Z,XBTUSD,Sell,23300,29839.0,MinusTick,ee182896-de07-eb47-3930-1704f9a901c6,78085756,0.78085756,23300.0,Regular
2023-07-23T04:00:44.670Z,XBTUSD,Sell,37500,29838.5,MinusTick,0e41b7c8-0f57-c0b2-8e60-f9c14918f603,125676375,1.25676375,37500.0,Regular
2023-07-23T04:00:44.670Z,XBTUSD,Sell,1200,29838.5,ZeroMinusTick,55a7526d-3b8f-def8-6512-b830e784db07,4021644,0.04021644,1200.0,Regular
2023-07-23T04:00:44.732Z,XBTUSD,Sell,10800,29839.0,PlusTick,da2d7786-1c15-9c7c-584d-d6274c4111fd,36194256,0.36194256,10800.0,Regular
2023-07-23T04:00:45.542Z,XBTUSD,Buy,37500,29838.5,MinusTick,7c2c300a-ead0-5c9c-5751-7be7916ea679,125676375,1.25676375,37500.0,Regular
2023-07-23T04:00:45.542Z,XBTUSD,Buy,36700,29838.5,ZeroMinusTick,a749aac7-8ecc-59c9-9ad4-22164ec487a5,122995279,1.22995279,36700.0,Regular
2023-07-23T04:00:45.614Z,XBTUSD,Buy,36800,29838.5,ZeroMinusTick,c695caad-dc1f-3028-e345-b9ddb0f18c17,123330416,1.23330416,36800.0,Regular
2023-07-23T04:01:55.128Z,XBTUSD,Sell,13200,29840.0,PlusTick,24e70afe-b233-783b-1c13-8673f3ae82e3,44235972,0.44235972,13200.0,Regular
2023-07-23T04:01:55.128Z,XBTUSD,Sell,12300,29840.0,ZeroPlusTick,2f237cb1-bd08-320c-ba72-a18486b8eafc,41219883,0.41219883,12300.0,Regular
2023-07-23T04:01:55.128Z,XBTUSD,Sell,4900,29840.0,ZeroPlusTick,626dcaa6-4e2d-8597-6b9a-a353e18f5453,16420929,0.16420929,4900.0,Regular
2023-07-23T04:01:55.128Z,XBTUSD,Sell,18900,29840.0,ZeroPlusTick,b9a6a29c-54d7-738d-0a70-860c44fac1d2,63337869,0.63337869,18900.0,Regular
2023-07-23T04:01:55.128Z,XBTUSD,Sell,2600,29840.0,ZeroPlusTick,05ec3908-4c64-44e6-9360-87b67c7b434f,8713146,0.08713146,2600.0,Regular
2023-07-23T04:01:55.128Z,XBTUSD,Sell,100,29840.0,ZeroPlusTick,46997299-ca2b-783c-3915-c7a3d743bb3e,335121,0.00335121,100.0,Regular
2023-07-23T04:01:55.128Z,XBTUSD,Sell,200,29840.0,ZeroPlusTick,04031647-e21b-69ab-7483-2a86e8d3eb07,670242,0.00670242,200.0,Regular
2023-07-23T04:01:55.128Z,XBTUSD,Sell,100,29839.0,MinusTick,9acc12bb-5346-d9de-22e4-87e0f0a91485,335132,0.00335132,100.0,Regular
2023-07-23T04:01:55.128Z,XBTUSD,Sell,100,29839.0,ZeroMinusTick,a8f9dc53-2c23-4e70-524a-4c1f49af86d5,335132,0.00335132,100.0,Regular
2023-07-23T04:01:55.128Z,XBTUSD,Sell,100,29839.0,ZeroMinusTick,39d19d05-f427-d815-b76d-c378295e4d44,335132,0.00335132,100.0,Regular
2023-07-23T04:01:55.128Z,XBTUSD,Sell,100,29839.0,ZeroMinusTick,f2c0b497-7c91-5b9f-be93-e6e155473a61,335132,0.00335132,100.0,Regular
2023-07-23T04:01:55.128Z,XBTUSD,Sell,100,29839.0,ZeroMinusTick,24b13800-d746-d1cd-d71d-d8faa530b1d6,335132,0.00335132,100.0,Regular
2023-07-23T04:01:55.128Z,XBTUSD,Sell,24800,29839.0,ZeroMinusTick,c259192c-fc25-5d9f-67df-05c69e04f261,83112736,0.83112736,24800.0,Regular
2023-07-23T04:01:55.128Z,XBTUSD,Sell,100,29839.0,ZeroMinusTick,bce2f6bb-0444-26af-8697-9da08e103293,335132,0.00335132,100.0,Regular
2023-07-23T04:01:55.128Z,XBTUSD,Sell,14900,29839.0,ZeroMinusTick,fe291cda-ec97-8488-480d-2db93a007790,49934668,0.49934668,14900.0,Regular
2023-07-23T04:01:55.128Z,XBTUSD,Sell,73500,29838.5,MinusTick,c6f14499-efb1-626e-1737-a7bc0fb2c38e,246325695,2.46325695,73500.0,Regular
2023-07-23T04:01:55.128Z,XBTUSD,Sell,55900,29838.5,ZeroMinusTick,d1cd66a8-37a8-5ec2-b7d3-8cf7636110b6,187341583,1.87341583,55900.0,Regular
2023-07-23T04:01:55.128Z,XBTUSD,Sell,44800,29838.0,MinusTick,16bb3438-9f95-08b4-126f-fc76b8caeaf2,150144064,1.50144064,44800.0,Regular
2023-07-23T04:01:55.128Z,XBTUSD,Sell,60400,29837.5,MinusTick,01c81885-fdfd-df9f-fec3-8b4d22f93258,202429996,2.02429996,60400.0,Regular
2023-07-23T04:01:55.128Z,XBTUSD,Sell,13100,29837.5,ZeroMinusTick,745c4078-ade0-0084-749d-d567f529d3b0,43904519,0.43904519,13100.0,Regular
2023-07-23T04:01:55.128Z,XBTUSD,Sell,100,29837.0,MinusTick,cf451d71-3676-a418-0cc8-139b37ecb158,335154,0.00335154,100.0,Regular
2023-07-23T04:01:55.128Z,XBTUSD,Sell,1000,29837.0,ZeroMinusTick,21121348-31f1-d371-4aca-33885eb520cd,3351540,0.0335154,1000.0,Regular
2023-07-23T04:01:55.128Z,XBTUSD,Sell,37500,29837.0,ZeroMinusTick,ef98f46e-8056-ca35-0132-71ee12feb07a,125682750,1.2568275,37500.0,Regular
2023-07-23T04:01:55.128Z,XBTUSD,Sell,300,29836.5,MinusTick,5b5fb1d8-38f4-ceb5-b0bb-baeb130ad8b5,1005480,0.0100548,300.0,Regular
2023-07-23T04:01:55.128Z,XBTUSD,Sell,9100,29836.5,ZeroMinusTick,7d8b919a-d4c7-0d5c-8f90-8668927de372,30499560,0.3049956,9100.0,Regular
2023-07-23T04:01:55.128Z,XBTUSD,Sell,8900,29836.0,MinusTick,5451110a-bd84-c8f1-663f-b5b055d8a0d2,29829774,0.29829774,8900.0,Regular
2023-07-23T04:01:55.128Z,XBTUSD,Sell,4600,29836.0,ZeroMinusTick,f9e94ec7-3a6f-ce15-63de-ec417caf19d6,15417636,0.15417636,4600.0,Regular
2023-07-23T04:01:55.128Z,XBTUSD,Sell,300,29836.0,ZeroMinusTick,d4fb7005-72da-b6b3-cab4-b7181ff76f78,1005498,0.01005498,300.0,Regular
2023-07-23T04:01:55.128Z,XBTUSD,Sell,1200,29836.0,ZeroMinusTick,57e578e3-0fb9-2710-ad2d-5010e4c6edb9,4021992,0.04021992,1200.0,Regular
2023-07-23T04:01:55.128Z,XBTUSD,Sell,100,29835.5,MinusTick,cb8b689b-1068-89a6-650b-dbb5254ac424,335171,0.00335171,100.0,Regular
2023-07-23T04:01:55.128Z,XBTUSD,Sell,100,29835.5,ZeroMinusTick,b14cfaba-ad71-4765-20e9-98e338b97912,335171,0.00335171,100.0,Regular
2023-07-23T04:01:55.128Z,XBTUSD,Sell,100,29834.5,MinusTick,87710424-0f97-1010-de6d-e1aadd3258af,335182,0.00335182,100.0,Regular
2023-07-23T04:01:55.128Z,XBTUSD,Sell,100,29834.5,ZeroMinusTick,3d717ccb-081f-c598-9a01-96eba6a4b356,335182,0.00335182,100.0,Regular
2023-07-23T04:01:55.128Z,XBTUSD,Sell,300,29834.5,ZeroMinusTick,50d850c4-38a6-b8b5-e97c-357777ec3f1b,1005546,0.01005546,300.0,Regular
2023-07-23T04:01:55.128Z,XBTUSD,Sell,23200,29834.5,ZeroMinusTick,7e9116e0-522c-6458-966d-6cff0c4f28b5,77762224,0.77762224,23200.0,Regular
2023-07-23T04:01:55.128Z,XBTUSD,Sell,6000,29834.5,ZeroMinusTick,d9197d5d-867f-760e-f984-2383d6c68381,20110920,0.2011092,6000.0,Regular
2023-07-23T04:01:55.128Z,XBTUSD,Sell,300,29834.0,MinusTick,65cbb418-2c64-e3aa-9d8d-0ad5934a7f61,1005564,0.01005564,300.0,Regular
2023-07-23T04:01:55.128Z,XBTUSD,Sell,37500,29834.0,ZeroMinusTick,d5a644e5-0b75-e37f-42c3-6fa5c530ab92,125695500,1.256955,37500.0,Regular
2023-07-23T04:01:55.517Z,XBTUSD,Buy,23300,29835.0,PlusTick,848f2e09-8bfa-f62d-da74-143ff0642139,78096241,0.78096241,23300.0,Regular
2023-07-23T04:02:02.261Z,XBTUSD,Buy,14200,29835.0,ZeroPlusTick,0483f3b5-d51f-0ade-8c54-bd187ebcc6f2,47595134,0.47595134,14200.0,Regular
2023-07-23T04:02:02.261Z,XBTUSD,Buy,73500,29835.0,ZeroPlusTick,98722a01-4593-2da3-0903-1d3e4391f125,246355095,2.46355095,73500.0,Regular
2023-07-23T04:02:02.261Z,XBTUSD,Buy,24300,29835.0,ZeroPlusTick,c5b7e342-7573-8234-0945-0dcf8628f359,81448011,0.81448011,24300.0,Regular
2023-07-23T04:02:02.275Z,XBTUSD,Buy,18200,29835.0,ZeroPlusTick,d554504d-e3e6-4b44-3c50-605e2abae6db,61002214,0.61002214,18200.0,Regular
2023-07-23T04:02:03.108Z,XBTUSD,Buy,15000,29835.0,ZeroPlusTick,52b97f2c-de56-1222-460c-7c32bc111488,50276550,0.5027655,15000.0,Regular
2023-07-23T04:02:03.602Z,XBTUSD,Buy,5300,29835.0,ZeroPlusTick,7be11c56-0e28-1293-4e96-f5a2605773f9,17764381,0.17764381,5300.0,Regular
2023-07-23T04:02:03.602Z,XBTUSD,Buy,600,29835.0,ZeroPlusTick,48b7175c-7f0e-2642-0774-89b52b3081aa,2011062,0.02011062,600.0,Regular
2023-07-23T04:02:03.602Z,XBTUSD,Buy,18100,29835.0,ZeroPlusTick,4eef50e5-9a29-fe6d-da5d-897e8dfb3d34,60667037,0.60667037,18100.0,Regular
2023-07-23T04:02:05.457Z,XBTUSD,Buy,23300,29835.5,PlusTick,06404c77-57ce-62ff-c556-7d223c345505,78094843,0.78094843,23300.0,Regular
2023-07-23T04:02:05.472Z,XBTUSD,Buy,100,29836.0,PlusTick,d9dfd337-7682-41d4-5b46-26be450251d5,335166,0.00335166,100.0,Regular
2023-07-23T04:02:05.492Z,XBTUSD,Buy,22900,29836.5,PlusTick,a45be6d0-14a7-a079-6bc7-775853c16b7d,76751640,0.7675164,22900.0,Regular
2023-07-23T04:02:05.497Z,XBTUSD,Buy,21400,29836.5,ZeroPlusTick,a6b8e2e2-e81a-ea96-370b-f60594920827,71724240,0.7172424,21400.0,Regular
2023-07-23T04:02:05.554Z,XBTUSD,Buy,700,29836.5,ZeroPlusTick,15e043e2-9bda-39c0-fbef-03677adcaa5c,2346120,0.0234612,700.0,Regular
2023-07-23T04:02:37.117Z,XBTUSD,Buy,100,29838.0,PlusTick,cb8696e7-d2a4-2fa1-a512-ea0ed51ee718,335143,0.00335143,100.0,Regular
2023-07-23T04:02:37.117Z,XBTUSD,Buy,200,29838.0,ZeroPlusTick,afe5292f-27a9-dd75-45c5-3fc205b2535e,670286,0.00670286,200.0,Regular
2023-07-23T04:02:37.117Z,XBTUSD,Buy,200,29838.0,ZeroPlusTick,be359ecd-45f0-036b-5202-38089e67561b,670286,0.00670286,200.0,Regular
2023-07-23T04:02:37.122Z,XBTUSD,Buy,100,29839.0,PlusTick,1a3270a2-cc05-5c0e-83a5-5eff878ca7a5,335132,0.00335132,100.0,Regular
2023-07-23T04:02:39.109Z,XBTUSD,Buy,100,29845.0,PlusTick,5fc2ef99-17f4-66f0-92c6-ab50aa3cbfcd,335064,0.00335064,100.0,Regular
2023-07-23T04:02:39.109Z,XBTUSD,Buy,100,29845.0,ZeroPlusTick,aaa7d800-c9f1-a84c-dcb2-62f1284f6f4c,335064,0.00335064,100.0,Regular
2023-07-23T04:02:39.109Z,XBTUSD,Buy,100,29845.0,ZeroPlusTick,a0ddb151-bd17-b73c-ef55-2405353b047e,335064,0.00335064,100.0,Regular
2023-07-23T04:02:40.674Z,XBTUSD,Buy,300,29847.5,PlusTick,43458f09-62fe-e6d4-a55d-bab76ea76273,1005108,0.01005108,300.0,Regular
2023-07-23T04:02:42.117Z,XBTUSD,Buy,300,29847.5,ZeroPlusTick,d2b5a98e-7c69-e41c-b010-fe69f9737a69,1005108,0.01005108,300.0,Regular
2023-07-23T04:02:43.476Z,XBTUSD,Buy,300,29847.5,ZeroPlusTick,1a12d389-b8d8-e66f-780e-15930691bc62,1005108,0.01005108,300.0,Regular
2023-07-23T04:02:46.810Z,XBTUSD,Buy,300,29847.5,ZeroPlusTick,f523eb04-8579-e873-7061-ee0c6034006f,1005108,0.01005108,300.0,Regular
2023-07-23T04:02:48.169Z,XBTUSD,Buy,300,29847.5,ZeroPlusTick,4bc8f09d-4d26-0a01-133d-32667552180b,1005108,0.01005108,300.0,Regular
2023-07-23T04:03:13.007Z,XBTUSD,Buy,300,29847.5,ZeroPlusTick,a53520d4-dc00-cc0b-7c7b-550efc7e85b7,1005108,0.01005108,300.0,Regular
2023-07-23T04:03:19.776Z,XBTUSD,Sell,100,29847.0,MinusTick,93ba8436-80b7-32ef-3e8b-425ac6a900ac,335042,0.00335042,100.0,Regular
2023-07-23T04:03:35.751Z,XBTUSD,Sell,200,29847.0,ZeroMinusTick,ee10fe5e-5292-d33e-462a-21aa1082f97a,670084,0.00670084,200.0,Regular
2023-07-23T04:03:35.751Z,XBTUSD,Sell,3900,29847.0,ZeroMinusTick,9c1019e0-79fc-9f3f-5f00-a106085ded6b,13066638,0.13066638,3900.0,Regular
2023-07-23T04:03:35.751Z,XBTUSD,Sell,100,29847.0,ZeroMinusTick,9a42f297-ad05-23af-5b26-11dbffdfc4cc,335042,0.00335042,100.0,Regular
2023-07-23T04:03:35.751Z,XBTUSD,Sell,50000,29847.0,ZeroMinusTick,38c4f7b7-05df-d1d7-7445-7f7c81a9d5f9,167521000,1.67521,50000.0,Regular
2023-07-23T04:03:35.751Z,XBTUSD,Sell,600,29847.0,ZeroMinusTick,6351978e-7eaf-ddf8-ba61-14b35396963f,2010252,0.02010252,600.0,Regular
2023-07-23T04:03:35.751Z,XBTUSD,Sell,1200,29847.0,ZeroMinusTick,c7c68bd9-79b1-e18d-68c2-003c3e6109ec,4020504,0.04020504,1200.0,Regular
2023-07-23T04:03:35.751Z,XBTUSD,Sell,3700,29847.0,ZeroMinusTick,c58c8901-45f6-5736-39fa-8d3a730b7c72,12396554,0.12396554,3700.0,Regular
2023-07-23T04:03:35.751Z,XBTUSD,Sell,300,29847.0,ZeroMinusTick,aa4ae3d5-45d4-afaa-1148-6eea9d656667,1005126,0.01005126,300.0,Regular
2023-07-23T04:03:35.751Z,XBTUSD,Sell,37500,29847.0,ZeroMinusTick,dbc2144d-58e2-8817-0401-43526ba7c17a,125640750,1.2564075,37500.0,Regular
2023-07-23T04:03:35.751Z,XBTUSD,Sell,100,29846.0,MinusTick,b7939017-2b61-4fef-0248-b1a4502797a3,335053,0.00335053,100.0,Regular
2023-07-23T04:03:35.751Z,XBTUSD,Sell,100,29846.0,ZeroMinusTick,c73cd665-fc72-0e81-71e7-3008e4587da4,335053,0.00335053,100.0,Regular
2023-07-23T04:03:35.751Z,XBTUSD,Sell,100,29846.0,ZeroMinusTick,d15ee3cb-badf-e4ac-2ae0-879c92c6e684,335053,0.00335053,100.0,Regular
2023-07-23T04:03:35.751Z,XBTUSD,Sell,100,29846.0,ZeroMinusTick,3137a23a-dadb-6a77-485f-8dbbe2b23180,335053,0.00335053,100.0,Regular
2023-07-23T04:03:35.751Z,XBTUSD,Sell,100,29846.0,ZeroMinusTick,cbcce58d-91b2-3d4b-8fab-107cbbe7010d,335053,0.00335053,100.0,Regular
2023-07-23T04:03:35.751Z,XBTUSD,Sell,52000,29845.0,MinusTick,8ebb652b-05b0-c3a3-1393-75f348585d07,174233280,1.7423328,52000.0,Regular
2023-07-23T04:04:13.160Z,XBTUSD,Buy,300,29846.0,PlusTick,b1a19faf-ca21-ffaa-89f7-a8f517da5da2,1005159,0.01005159,300.0,Regular
2023-07-23T04:04:13.160Z,XBTUSD,Buy,100,29846.0,ZeroPlusTick,2cb5b872-a6e1-0fe9-a219-dd479a8c1d4d,335053,0.00335053,100.0,Regular
2023-07-23T04:04:13.160Z,XBTUSD,Buy,100,29846.0,ZeroPlusTick,2a136f19-be9f-070a-a3e4-381bcf30a0af,335053,0.00335053,100.0,Regular
2023-07-23T04:04:13.160Z,XBTUSD,Buy,8200,29847.0,PlusTick,7c19fa17-28ec-9cd8-7fc3-82a58c12827c,27473444,0.27473444,8200.0,Regular
2023-07-23T04:04:13.160Z,XBTUSD,Buy,1200,29847.5,PlusTick,7249af8e-b824-033c-acdd-b89dd5575252,4020432,0.04020432,1200.0,Regular
2023-07-23T04:04:13.160Z,XBTUSD,Buy,16100,29847.5,ZeroPlusTick,72ed9a3c-bf77-9aa9-e7e6-595213732d36,53940796,0.53940796,16100.0,Regular
2023-07-23T04:04:13.216Z,XBTUSD,Buy,19800,29847.5,ZeroPlusTick,ae030598-94bb-3c87-4217-5d8d25846e97,66337128,0.66337128,19800.0,Regular
2023-07-23T04:04:13.216Z,XBTUSD,Buy,9300,29847.5,ZeroPlusTick,f36fdc4b-3b92-a832-2ff3-b371d900fe6e,31158348,0.31158348,9300.0,Regular
2023-07-23T04:04:13.405Z,XBTUSD,Buy,29800,29848.0,PlusTick,25b4fc7d-6f70-039e-2aae-4cc601084e6e,99839238,0.99839238,29800.0,Regular
2023-07-23T04:04:13.405Z,XBTUSD,Buy,29100,29848.0,ZeroPlusTick,26f6da8d-1252-a30c-3bd5-e02efada0141,97494021,0.97494021,29100.0,Regular
2023-07-23T04:04:13.405Z,XBTUSD,Buy,100,29848.0,ZeroPlusTick,b004da53-25d3-1529-d91a-ead8cef326af,335031,0.00335031,100.0,Regular
2023-07-23T04:05:14.930Z,XBTUSD,Buy,10000,29848.5,PlusTick,f2c6a5fb-388a-1a4e-24b8-9e363689dd72,33502500,0.335025,10000.0,Regular
2023-07-23T04:05:14.930Z,XBTUSD,Buy,1100,29849.5,PlusTick,73d7748b-9feb-5fb3-dc56-a150778d3807,3685154,0.03685154,1100.0,Regular
2023-07-23T04:05:14.930Z,XBTUSD,Buy,100,29849.5,ZeroPlusTick,0bd774a3-4a5c-a64e-304e-4afe59a8b718,335014,0.00335014,100.0,Regular
2023-07-23T04:05:14.930Z,XBTUSD,Buy,100,29849.5,ZeroPlusTick,490781a2-0d6b-da44-1004-153967c27460,335014,0.00335014,100.0,Regular
2023-07-23T04:05:14.930Z,XBTUSD,Buy,1200,29851.5,PlusTick,4debc7ef-74cb-077f-e08c-2191e17d315e,4019904,0.04019904,1200.0,Regular
2023-07-23T04:05:14.930Z,XBTUSD,Buy,300,29851.5,ZeroPlusTick,0103f783-e358-7145-c3d9-ca55597706f7,1004976,0.01004976,300.0,Regular
2023-07-23T04:05:14.930Z,XBTUSD,Buy,37500,29851.5,ZeroPlusTick,9fdddae1-77dc-c2cd-0eac-f903edd43325,125622000,1.25622,37500.0,Regular
2023-07-23T04:05:14.930Z,XBTUSD,Buy,300,29852.0,PlusTick,518729f4-cba9-cc49-9ab6-678ec25ae081,1004958,0.01004958,300.0,Regular
2023-07-23T04:05:14.930Z,XBTUSD,Buy,55900,29852.0,ZeroPlusTick,c79a3495-1de1-97bb-9271-193574a71341,187257174,1.87257174,55900.0,Regular
2023-07-23T04:05:14.930Z,XBTUSD,Buy,300,29852.5,PlusTick,712bbf7e-4ea7-0c91-4ea8-6b85531ab53a,1004940,0.0100494,300.0,Regular
2023-07-23T04:05:14.950Z,XBTUSD,Buy,5000,29852.5,ZeroPlusTick,6cf3e1e7-3bde-c5d0-4bd7-9af37906eeff,16749000,0.16749,5000.0,Regular
2023-07-23T04:05:14.973Z,XBTUSD,Buy,300,29853.0,PlusTick,91fd0b0c-081f-d63e-2528-912c16b2ebfa,1004925,0.01004925,300.0,Regular
2023-07-23T04:05:15.101Z,XBTUSD,Buy,100,29853.5,PlusTick,6d843896-d46b-5854-9fce-d56c4d29f1a2,334969,0.00334969,100.0,Regular
2023-07-23T04:05:18.412Z,XBTUSD,Sell,800,29855.5,PlusTick,4339911f-454f-ebfa-4ab3-312ce558a43d,2679576,0.02679576,800.0,Regular
2023-07-23T04:05:18.971Z,XBTUSD,Sell,23800,29855.5,ZeroPlusTick,717e9a39-6275-529b-5a9d-20f55de8bde1,79717386,0.79717386,23800.0,Regular
2023-07-23T04:05:18.971Z,XBTUSD,Sell,37500,29855.5,ZeroPlusTick,4736cb70-02a0-9af2-889b-ca6072f6b4db,125605125,1.25605125,37500.0,Regular
2023-07-23T04:05:18.971Z,XBTUSD,Sell,73400,29855.5,ZeroPlusTick,575a6d93-e048-a443-d01e-6e510495466c,245851098,2.45851098,73400.0,Regular
2023-07-23T04:05:18.971Z,XBTUSD,Sell,1900,29855.5,ZeroPlusTick,b6b1a5f6-cd75-c036-df0e-e2ff0bc09432,6363993,0.06363993,1900.0,Regular
2023-07-23T04:05:18.971Z,XBTUSD,Sell,30900,29855.5,ZeroPlusTick,85090c8f-4f8c-7488-4d75-458899dc4601,103498623,1.03498623,30900.0,Regular
2023-07-23T04:05:18.971Z,XBTUSD,Sell,1300,29855.5,ZeroPlusTick,07e69532-c608-d58f-0e21-e5eac92a0f79,4354311,0.04354311,1300.0,Regular
2023-07-23T04:05:18.971Z,XBTUSD,Sell,400,29855.5,ZeroPlusTick,e45da89b-00bb-329c-c989-50882c38ec40,1339788,0.01339788,400.0,Regular
2023-07-23T04:05:18.971Z,XBTUSD,Sell,6200,29855.5,ZeroPlusTick,98bbb1ad-ed3e-38f2-96ab-f23a28b4e5d5,20766714,0.20766714,6200.0,Regular
2023-07-23T04:05:18.971Z,XBTUSD,Sell,400,29855.5,ZeroPlusTick,a06b2dac-7b93-1d67-ffd5-05fc31c23768,1339788,0.01339788,400.0,Regular
2023-07-23T04:05:18.971Z,XBTUSD,Sell,49500,29855.0,MinusTick,1650b93c-3640-ab32-dfea-641a5271992f,165801240,1.6580124,49500.0,Regular
2023-07-23T04:05:42.358Z,XBTUSD,Sell,300,29853.0,MinusTick,784d3de9-0130-8775-975b-f1a75ff625b4,1004925,0.01004925,300.0,Regular
2023-07-23T04:05:42.358Z,XBTUSD,Sell,100,29853.0,ZeroMinusTick,d710e911-db50-30ce-102b-ca9b35eb29fa,334975,0.00334975,100.0,Regular
2023-07-23T04:08:26.302Z,XBTUSD,Buy,500,29853.5,PlusTick,690a549b-602e-693d-dcc0-b0977c79d459,1674845,0.01674845,500.0,Regular
2023-07-23T04:08:26.302Z,XBTUSD,Buy,4500,29853.5,ZeroPlusTick,b813856d-de9a-39ee-ca1e-2803a905ca51,15073605,0.15073605,4500.0,Regular
2023-07-23T04:09:02.952Z,XBTUSD,Sell,300,29853.0,MinusTick,73a397d7-b3a9-a9be-d426-eebcdc482bc9,1004925,0.01004925,300.0,Regular
2023-07-23T04:09:02.952Z,XBTUSD,Sell,25500,29853.0,ZeroMinusTick,6af7361d-2261-a1cc-94ea-838eede02997,85418625,0.85418625,25500.0,Regular
2023-07-23T04:09:02.952Z,XBTUSD,Sell,200,29853.0,ZeroMinusTick,7d583560-d712-029b-7ec5-17ea8c30df4a,669950,0.0066995,200.0,Regular
2023-07-23T04:09:02.952Z,XBTUSD,Sell,34700,29853.0,ZeroMinusTick,fea984a9-b5a0-60f1-40e5-ff5f2350c057,116236325,1.16236325,34700.0,Regular
2023-07-23T04:09:02.952Z,XBTUSD,Sell,400,29853.0,ZeroMinusTick,e7dbe733-32f8-3f6b-0578-1e8abb23cdc2,1339900,0.013399,400.0,Regular
2023-07-23T04:09:02.952Z,XBTUSD,Sell,9700,29853.0,ZeroMinusTick,676dfe83-0064-1171-0c5e-6e3a37c7e616,32492575,0.32492575,9700.0,Regular
2023-07-23T04:09:02.952Z,XBTUSD,Sell,20000,29853.0,ZeroMinusTick,04654ce5-f7df-16d9-eea2-5eebe33b03e4,66995000,0.66995,20000.0,Regular
2023-07-23T04:09:02.952Z,XBTUSD,Sell,100,29853.0,ZeroMinusTick,b0f500ba-72f7-9fca-1ac3-23f41658a744,334975,0.00334975,100.0,Regular
2023-07-23T04:09:02.952Z,XBTUSD,Sell,1500,29853.0,ZeroMinusTick,76c037a2-1181-499f-2c30-72c033399c68,5024625,0.05024625,1500.0,Regular
2023-07-23T04:09:02.952Z,XBTUSD,Sell,11200,29853.0,ZeroMinusTick,2bdf8b14-258f-06d8-db16-0c06c12dc8b4,37517200,0.375172,11200.0,Regular
2023-07-23T04:09:02.952Z,XBTUSD,Sell,1700,29853.0,ZeroMinusTick,971871a9-c105-5375-1199-a02ee47ccf61,5694575,0.05694575,1700.0,Regular
2023-07-23T04:09:02.952Z,XBTUSD,Sell,100,29853.0,ZeroMinusTick,4a8934a8-6d45-8074-c5a5-6227a1beea88,334975,0.00334975,100.0,Regular
2023-07-23T04:09:02.952Z,XBTUSD,Sell,2800,29853.0,ZeroMinusTick,d7c531de-8bd1-54ff-c6b3-ca766d8be2e8,9379300,0.093793,2800.0,Regular
2023-07-23T04:09:02.952Z,XBTUSD,Sell,100,29853.0,ZeroMinusTick,7091b4e7-4b39-32cc-6291-36635c4a5684,334975,0.00334975,100.0,Regular
2023-07-23T04:09:02.952Z,XBTUSD,Sell,15300,29853.0,ZeroMinusTick,ae8c3ddf-cc9e-ab2a-638e-112e8dbc0b8d,51251175,0.51251175,15300.0,Regular
2023-07-23T04:09:02.992Z,XBTUSD,Sell,30600,29853.0,ZeroMinusTick,86936adc-35d6-2187-1497-df7815e9b14f,102502350,1.0250235,30600.0,Regular
2023-07-23T04:09:02.992Z,XBTUSD,Sell,2500,29853.0,ZeroMinusTick,0ebec883-6478-fcb9-732b-b2520127ec73,8374375,0.08374375,2500.0,Regular
2023-07-23T04:09:02.992Z,XBTUSD,Sell,1900,29853.0,ZeroMinusTick,3f82727a-66f8-269a-a5a7-a8dec9c5dc29,6364525,0.06364525,1900.0,Regular
2023-07-23T04:09:02.992Z,XBTUSD,Sell,2600,29853.0,ZeroMinusTick,dbf2d668-c2fc-6377-534b-bee25c814623,8709350,0.0870935,2600.0,Regular
2023-07-23T04:09:02.992Z,XBTUSD,Sell,4700,29853.0,ZeroMinusTick,70a99e57-87b6-b4e3-b922-40d6f2a1b260,15743825,0.15743825,4700.0,Regular
2023-07-23T04:09:02.992Z,XBTUSD,Sell,1700,29853.0,ZeroMinusTick,29d1de41-4abf-9a1a-923c-52ae2a0ea3ae,5694575,0.05694575,1700.0,Regular
2023-07-23T04:09:02.992Z,XBTUSD,Sell,800,29853.0,ZeroMinusTick,c3f930b3-d362-33e1-89d8-ff72f43ba019,2679800,0.026798,800.0,Regular
2023-07-23T04:09:02.992Z,XBTUSD,Sell,1200,29853.0,ZeroMinusTick,b9af7fc3-4790-8bad-73b0-4acc90bd3fcc,4019700,0.040197,1200.0,Regular
2023-07-23T04:09:02.992Z,XBTUSD,Sell,17000,29853.0,ZeroMinusTick,76cd14a9-f0ac-6b0c-6ee3-44a7df55e5e1,56945750,0.5694575,17000.0,Regular
2023-07-23T04:09:02.992Z,XBTUSD,Sell,2100,29853.0,ZeroMinusTick,270e47d5-c62d-8ce9-c375-bb02822b72d2,7034475,0.07034475,2100.0,Regular
2023-07-23T04:09:02.992Z,XBTUSD,Sell,4100,29853.0,ZeroMinusTick,f8444c72-7369-e217-e178-2c2c466985eb,13733975,0.13733975,4100.0,Regular
2023-07-23T04:09:02.992Z,XBTUSD,Sell,100,29853.0,ZeroMinusTick,132b7782-dac4-aaf7-f42b-527e51aa577b,334975,0.00334975,100.0,Regular
2023-07-23T04:09:02.992Z,XBTUSD,Sell,14400,29853.0,ZeroMinusTick,626bf1cd-6789-6c4d-ae37-78f51d20e459,48236400,0.482364,14400.0,Regular
2023-07-23T04:09:02.992Z,XBTUSD,Sell,12700,29853.0,ZeroMinusTick,5b06fca8-42e7-1142-5e52-4c08e4b0714c,42541825,0.42541825,12700.0,Regular
2023-07-23T04:09:02.992Z,XBTUSD,Sell,100,29853.0,ZeroMinusTick,dfb507ef-4500-fd24-8425-9b0253d17156,334975,0.00334975,100.0,Regular
2023-07-23T04:09:02.992Z,XBTUSD,Sell,100,29853.0,ZeroMinusTick,3d26d105-8eda-7c23-e02a-245107e2c89b,334975,0.00334975,100.0,Regular
2023-07-23T04:09:02.992Z,XBTUSD,Sell,8900,29853.0,ZeroMinusTick,f697cd92-f4fe-f5dd-fc8d-4c2cc68c6168,29812775,0.29812775,8900.0,Regular
2023-07-23T04:09:02.992Z,XBTUSD,Sell,47800,29853.0,ZeroMinusTick,df48c678-5ae6-1724-23ac-9001349c6cb8,160118050,1.6011805,47800.0,Regular
2023-07-23T04:09:03.006Z,XBTUSD,Sell,5900,29852.5,MinusTick,142f488d-3430-bd91-2e55-37669d3fc52e,19763820,0.1976382,5900.0,Regular
2023-07-23T04:09:03.006Z,XBTUSD,Sell,100,29852.0,MinusTick,75e67638-0814-c8a2-ccb1-e163405d1ce3,334986,0.00334986,100.0,Regular
2023-07-23T04:09:03.006Z,XBTUSD,Sell,100,29852.0,ZeroMinusTick,d5d4d31e-2cda-a8d4-3470-4bca2c84b8a0,334986,0.00334986,100.0,Regular
2023-07-23T04:09:03.006Z,XBTUSD,Sell,100,29852.0,ZeroMinusTick,917495dd-9d37-c60c-146f-351a863df296,334986,0.00334986,100.0,Regular
2023-07-23T04:09:03.006Z,XBTUSD,Sell,2100,29851.0,MinusTick,62fc0a18-85bb-40d1-e13c-cfe0d1bff01a,7034937,0.07034937,2100.0,Regular
2023-07-23T04:09:03.006Z,XBTUSD,Sell,16300,29851.0,ZeroMinusTick,0828418b-2fe7-dbbc-ae23-60f4dff9e8a5,54604511,0.54604511,16300.0,Regular
2023-07-23T04:09:03.013Z,XBTUSD,Sell,6200,29851.0,ZeroMinusTick,097dd686-349d-6efe-977a-2d875dc4fb50,20769814,0.20769814,6200.0,Regular
2023-07-23T04:09:06.138Z,XBTUSD,Sell,100,29850.0,MinusTick,6c9fdc2d-117e-17d1-1937-4dcc70308791,335008,0.00335008,100.0,Regular
2023-07-23T04:09:06.138Z,XBTUSD,Sell,14300,29850.0,ZeroMinusTick,22d29e13-ed03-e63d-c741-67ce44f929bb,47906144,0.47906144,14300.0,Regular
2023-07-23T04:09:13.763Z,XBTUSD,Sell,1100,29848.0,MinusTick,610ea3c4-3a2c-2e74-13b2-caf515e463b1,3685341,0.03685341,1100.0,Regular
2023-07-23T04:09:13.763Z,XBTUSD,Sell,400,29848.0,ZeroMinusTick,783541fc-25c4-b96a-3f78-2d648f03a9a2,1340124,0.01340124,400.0,Regular
2023-07-23T04:09:13.763Z,XBTUSD,Sell,400,29848.0,ZeroMinusTick,b757d3ff-2a74-4cf9-37e1-7b90178b14ff,1340124,0.01340124,400.0,Regular
2023-07-23T04:09:13.763Z,XBTUSD,Sell,200,29848.0,ZeroMinusTick,0bffb430-a3db-b8c9-fc7a-f1571393a313,670062,0.00670062,200.0,Regular
2023-07-23T04:09:15.603Z,XBTUSD,Sell,300,29848.0,ZeroMinusTick,6544fa7e-f024-71b8-c93d-f97df54e2c23,1005093,0.01005093,300.0,Regular
2023-07-23T04:09:15.603Z,XBTUSD,Sell,1800,29848.0,ZeroMinusTick,88bb1c74-2fe0-5373-311c-8a3ee372a887,6030558,0.06030558,1800.0,Regular
2023-07-23T04:09:23.292Z,XBTUSD,Buy,3500,29848.5,PlusTick,52792d42-c859-b604-d2df-fb7348769bc4,11725875,0.11725875,3500.0,Regular
2023-07-23T04:09:39.914Z,XBTUSD,Sell,10000,29848.0,MinusTick,eddcc224-9801-33ba-2e4c-a723d06288f8,33503100,0.335031,10000.0,Regular
2023-07-23T04:09:39.914Z,XBTUSD,Sell,300,29848.0,ZeroMinusTick,ecd5e483-e37c-b6e4-b153-0c799daff0e6,1005093,0.01005093,300.0,Regular
2023-07-23T04:09:39.914Z,XBTUSD,Sell,600,29848.0,ZeroMinusTick,0ce6b8fc-fb5b-bda9-9f9f-147df374f4ec,2010186,0.02010186,600.0,Regular
2023-07-23T04:09:39.914Z,XBTUSD,Sell,1100,29848.0,ZeroMinusTick,c729a2b6-4f98-1c8e-293e-8270a5cc7c95,3685341,0.03685341,1100.0,Regular
2023-07-23T04:09:39.914Z,XBTUSD,Sell,100,29848.0,ZeroMinusTick,a222534f-d556-5e8d-136a-4d08c96f5407,335031,0.00335031,100.0,Regular
2023-07-23T04:09:39.914Z,XBTUSD,Sell,100,29848.0,ZeroMinusTick,f2012346-54e6-7d78-c8f2-d5e2c2cd541d,335031,0.00335031,100.0,Regular
2023-07-23T04:09:39.914Z,XBTUSD,Sell,100,29848.0,ZeroMinusTick,4e9b69c7-e314-9cea-98c3-786a3cb590af,335031,0.00335031,100.0,Regular
2023-07-23T04:09:39.914Z,XBTUSD,Sell,100,29848.0,ZeroMinusTick,78401f3e-4727-c04d-e5c1-cb0659401f25,335031,0.00335031,100.0,Regular
2023-07-23T04:09:39.914Z,XBTUSD,Sell,3500,29848.0,ZeroMinusTick,11a78cad-fcec-5c03-a224-a282b7ff57b6,11726085,0.11726085,3500.0,Regular
2023-07-23T04:09:39.914Z,XBTUSD,Sell,300,29847.5,MinusTick,3ffd5f03-eba3-d338-fec0-720065f0d06e,1005108,0.01005108,300.0,Regular
2023-07-23T04:10:00.744Z,XBTUSD,Sell,100,29847.0,MinusTick,1527ce63-a9fd-7b34-8b85-c0ee1b035a0a,335042,0.00335042,100.0,Regular
2023-07-23T04:10:00.744Z,XBTUSD,Sell,100,29847.0,ZeroMinusTick,1e7f9865-3aee-2f31-0971-96d53e0a4416,335042,0.00335042,100.0,Regular
2023-07-23T04:10:00.744Z,XBTUSD,Sell,100,29847.0,ZeroMinusTick,6c4660da-908c-ef9d-5760-36b2cb0b3dd1,335042,0.00335042,100.0,Regular
2023-07-23T04:10:00.744Z,XBTUSD,Sell,29900,29847.0,ZeroMinusTick,e64b8c86-1d9f-7465-e8bb-7a2833544573,100177558,1.00177558,29900.0,Regular
2023-07-23T04:10:00.744Z,XBTUSD,Sell,100,29847.0,ZeroMinusTick,8c75222e-e01a-f84c-49c6-be2b31f459fc,335042,0.00335042,100.0,Regular
2023-07-23T04:10:00.744Z,XBTUSD,Sell,200,29847.0,ZeroMinusTick,c5eb2da9-a1ce-ce41-11d9-ed3c10b45472,670084,0.00670084,200.0,Regular
2023-07-23T04:10:00.744Z,XBTUSD,Sell,100,29847.0,ZeroMinusTick,9ee0d246-d496-a06c-f157-93b5bd8a9166,335042,0.00335042,100.0,Regular
2023-07-23T04:10:00.744Z,XBTUSD,Sell,2300,29847.0,ZeroMinusTick,3721e607-4b91-32d7-8ff2-f667970e4a7d,7705966,0.07705966,2300.0,Regular
2023-07-23T04:10:00.744Z,XBTUSD,Sell,11900,29847.0,ZeroMinusTick,cf1bff3d-b24e-4424-434b-dd428dec1ad1,39869998,0.39869998,11900.0,Regular
2023-07-23T04:10:00.744Z,XBTUSD,Sell,4200,29847.0,ZeroMinusTick,bb8e6189-68fd-bd5e-b3c7-0479899f1518,14071764,0.14071764,4200.0,Regular
2023-07-23T04:10:03.016Z,XBTUSD,Buy,500,29846.5,MinusTick,293054ed-8b5b-8fc2-aaaa-87c244ea1f27,1675240,0.0167524,500.0,Regular
2023-07-23T04:10:31.841Z,XBTUSD,Buy,800,29846.5,ZeroMinusTick,e4b23957-754e-5062-b2b3-04842ce9199d,2680384,0.02680384,800.0,Regular
2023-07-23T04:10:31.841Z,XBTUSD,Buy,500,29846.5,ZeroMinusTick,1a17b9c9-2b94-7f25-c815-e24232a7d9a3,1675240,0.0167524,500.0,Regular
2023-07-23T04:10:31.841Z,XBTUSD,Buy,42400,29846.5,ZeroMinusTick,9bf1bb69-5b10-20ea-cc40-c4423e0c7626,142060352,1.42060352,42400.0,Regular
2023-07-23T04:10:31.841Z,XBTUSD,Buy,108800,29846.5,ZeroMinusTick,2cd9104c-1ce9-4248-65bc-faed96bd4c64,364532224,3.64532224,108800.0,Regular
2023-07-23T04:10:31.849Z,XBTUSD,Buy,24200,29846.5,ZeroMinusTick,6acf5478-6608-eca9-d8bc-acb5ce1566a3,81081616,0.81081616,24200.0,Regular
2023-07-23T04:10:31.851Z,XBTUSD,Buy,14400,29846.5,ZeroMinusTick,08d486ae-3c9a-5458-fcd4-e7dc1ca192bc,48246912,0.48246912,14400.0,Regular
2023-07-23T04:10:31.852Z,XBTUSD,Buy,32600,29846.5,ZeroMinusTick,2be48441-6237-7057-4b59-e501a67840c8,109225648,1.09225648,32600.0,Regular
2023-07-23T04:10:31.852Z,XBTUSD,Buy,400,29846.5,ZeroMinusTick,66305123-0325-2f7d-3b70-33dc9a3e8847,1340192,0.01340192,400.0,Regular
2023-07-23T04:10:31.852Z,XBTUSD,Buy,200,29846.5,ZeroMinusTick,f3caff52-21ef-f1a2-0df8-aa93bd53a48c,670096,0.00670096,200.0,Regular
2023-07-23T04:11:23.996Z,XBTUSD,Buy,200,29847.5,PlusTick,1434a15d-32e0-d742-edc9-008fa325b4cc,670072,0.00670072,200.0,Regular
2023-07-23T04:11:23.996Z,XBTUSD,Buy,100,29847.5,ZeroPlusTick,668c7e86-36ce-277d-6f5b-dd9053253e01,335036,0.00335036,100.0,Regular
2023-07-23T04:11:23.996Z,XBTUSD,Buy,100,29847.5,ZeroPlusTick,0d7526b4-502c-4944-26d9-90770b4c9530,335036,0.00335036,100.0,Regular
2023-07-23T04:11:23.996Z,XBTUSD,Buy,18900,29847.5,ZeroPlusTick,14018f00-23e3-0fc6-3b8d-77acd282881c,63321804,0.63321804,18900.0,Regular
2023-07-23T04:11:31.314Z,XBTUSD,Buy,100,29848.5,PlusTick,3bcd10b5-a947-0470-2ed3-c7970ea6cf6f,335025,0.00335025,100.0,Regular
2023-07-23T04:11:31.314Z,XBTUSD,Buy,4800,29848.5,ZeroPlusTick,60f285a1-9b2b-9f4e-0245-540a9a28cea8,16081200,0.160812,4800.0,Regular
2023-07-23T04:11:31.314Z,XBTUSD,Buy,100,29849.5,PlusTick,14df5122-6639-7202-2511-1e345489af41,335014,0.00335014,100.0,Regular
2023-07-23T04:11:31.314Z,XBTUSD,Buy,100,29850.5,PlusTick,f5e62d7e-4750-8235-9fbf-7f59bc714643,335003,0.00335003,100.0,Regular
2023-07-23T04:11:31.314Z,XBTUSD,Buy,300,29852.5,PlusTick,6127322a-8df3-7594-e0b4-cacbe4089889,1004940,0.0100494,300.0,Regular
2023-07-23T04:11:31.314Z,XBTUSD,Buy,3100,29852.5,ZeroPlusTick,ee504d62-d160-33ef-8a7d-5e03b7117dc8,10384380,0.1038438,3100.0,Regular
2023-07-23T04:11:31.314Z,XBTUSD,Buy,11700,29852.5,ZeroPlusTick,abb52b8d-4d8c-bb87-f517-552b19a16ee2,39192660,0.3919266,11700.0,Regular
2023-07-23T04:11:31.337Z,XBTUSD,Buy,300,29853.0,PlusTick,86dab202-ae2c-a583-65c6-32d0d5a9c4ce,1004925,0.01004925,300.0,Regular
2023-07-23T04:11:31.337Z,XBTUSD,Buy,3400,29853.0,ZeroPlusTick,0d87d583-b5f0-0057-a7db-5ef94c90a158,11389150,0.1138915,3400.0,Regular
2023-07-23T04:11:31.669Z,XBTUSD,Buy,5500,29853.5,PlusTick,b7af6bb4-8f1c-f353-f336-7184c8a5b411,18423295,0.18423295,5500.0,Regular
2023-07-23T04:11:31.669Z,XBTUSD,Buy,1200,29855.0,PlusTick,978d8acd-b8b6-96f7-6390-77601f63790c,4019424,0.04019424,1200.0,Regular
2023-07-23T04:11:31.669Z,XBTUSD,Buy,4500,29855.5,PlusTick,589b0c64-b9b6-f5cf-7ada-ec534fd41ba1,15072615,0.15072615,4500.0,Regular
2023-07-23T04:11:31.669Z,XBTUSD,Buy,6700,29856.0,PlusTick,b12e6a73-a037-5b51-d32e-6ecf37630222,22441047,0.22441047,6700.0,Regular
2023-07-23T04:11:31.669Z,XBTUSD,Buy,100,29856.5,PlusTick,0c18d587-00e7-8c99-9a36-0b07926b216a,334935,0.00334935,100.0,Regular
2023-07-23T04:11:31.669Z,XBTUSD,Buy,300,29856.5,ZeroPlusTick,9f98821b-3b49-30a4-5b2e-34678d72f2f0,1004805,0.01004805,300.0,Regular
2023-07-23T04:11:31.669Z,XBTUSD,Buy,300,29857.0,PlusTick,cb66792d-e6c0-8c3e-1b48-13816b1f13c4,1004790,0.0100479,300.0,Regular
2023-07-23T04:11:31.669Z,XBTUSD,Buy,300,29857.0,ZeroPlusTick,3e279a64-0140-c551-1751-8d92c4b2f599,1004790,0.0100479,300.0,Regular
2023-07-23T04:11:31.669Z,XBTUSD,Buy,300,29858.0,PlusTick,858b2848-a928-416f-2211-5d5acbb1e79e,1004757,0.01004757,300.0,Regular
2023-07-23T04:11:31.669Z,XBTUSD,Buy,300,29858.5,PlusTick,2416b84f-15f4-1b8c-a40a-0bd44a6e8b77,1004739,0.01004739,300.0,Regular
2023-07-23T04:11:31.669Z,XBTUSD,Buy,300,29859.0,PlusTick,0cb6a0af-0a4a-0f4c-2011-3905562e495f,1004721,0.01004721,300.0,Regular
2023-07-23T04:11:31.669Z,XBTUSD,Buy,13100,29859.0,ZeroPlusTick,9403e327-faa2-db41-1b4b-5349330731e8,43872817,0.43872817,13100.0,Regular
2023-07-23T04:11:34.232Z,XBTUSD,Sell,100,29858.5,MinusTick,a7cbcaf1-c389-295a-df96-3693864502f4,334913,0.00334913,100.0,Regular
2023-07-23T04:12:41.837Z,XBTUSD,Sell,200,29858.5,ZeroMinusTick,719f2b02-9dfd-3736-da5a-c82dc8459d65,669826,0.00669826,200.0,Regular
2023-07-23T04:12:41.837Z,XBTUSD,Sell,2600,29858.5,ZeroMinusTick,74973817-6a1f-4a3f-b9f6-73a270b8de74,8707738,0.08707738,2600.0,Regular
2023-07-23T04:12:41.837Z,XBTUSD,Sell,100,29858.5,ZeroMinusTick,c386b12a-98a1-8654-8334-0b23526731bf,334913,0.00334913,100.0,Regular
2023-07-23T04:12:41.837Z,XBTUSD,Sell,55800,29858.5,ZeroMinusTick,0cc4dd0e-20a8-7fd4-d87f-79a0ad317f59,186881454,1.86881454,55800.0,Regular
2023-07-23T04:12:41.837Z,XBTUSD,Sell,4800,29858.5,ZeroMinusTick,2df79d7f-b499-e1d9-2384-453527073524,16075824,0.16075824,4800.0,Regular
2023-07-23T04:12:41.837Z,XBTUSD,Sell,500,29858.5,ZeroMinusTick,7b0acac7-67ea-46a6-106d-690361b5ddd3,1674565,0.01674565,500.0,Regular
2023-07-23T04:12:41.837Z,XBTUSD,Sell,16500,29858.5,ZeroMinusTick,44529137-117f-fcd1-e871-b4ff662b4797,55260645,0.55260645,16500.0,Regular
2023-07-23T04:12:41.837Z,XBTUSD,Sell,6200,29858.5,ZeroMinusTick,29935d8c-bb3e-7b37-dbe4-a140aa775531,20764606,0.20764606,6200.0,Regular
2023-07-23T04:12:41.837Z,XBTUSD,Sell,500,29858.5,ZeroMinusTick,fb1f5230-4ec1-760d-28c5-a80097c180cc,1674565,0.01674565,500.0,Regular
2023-07-23T04:12:41.837Z,XBTUSD,Sell,7300,29858.5,ZeroMinusTick,56ffdee0-0b84-698e-918b-eaf794674f9f,24448649,0.24448649,7300.0,Regular
2023-07-23T04:12:41.837Z,XBTUSD,Sell,200,29858.5,ZeroMinusTick,95fc4053-02c9-1e7f-ffa1-4432e5909925,669826,0.00669826,200.0,Regular
2023-07-23T04:12:41.837Z,XBTUSD,Sell,44800,29858.5,ZeroMinusTick,0e121c98-2ca0-b138-b51a-67268e023ad0,150041024,1.50041024,44800.0,Regular
2023-07-23T04:12:41.837Z,XBTUSD,Sell,100,29858.5,ZeroMinusTick,b6a7731d-932d-a139-009e-a643846c983f,334913,0.00334913,100.0,Regular
2023-07-23T04:12:41.837Z,XBTUSD,Sell,200,29858.5,ZeroMinusTick,a52c81bb-5e2f-c89b-a38d-cdcef2e1f579,669826,0.00669826,200.0,Regular
2023-07-23T04:12:41.837Z,XBTUSD,Sell,1100,29858.5,ZeroMinusTick,86ee254a-ee6b-f97d-e30f-f4e49526236f,3684043,0.03684043,1100.0,Regular
2023-07-23T04:12:41.837Z,XBTUSD,Sell,2100,29858.5,ZeroMinusTick,edd082c6-a822-03ca-e2fd-35fb242cb14a,7033173,0.07033173,2100.0,Regular
2023-07-23T04:12:41.837Z,XBTUSD,Sell,4200,29858.5,ZeroMinusTick,fbe84ec0-8f7c-20ea-ad46-9a7346863c8e,14066346,0.14066346,4200.0,Regular
2023-07-23T04:12:41.837Z,XBTUSD,Sell,400,29858.5,ZeroMinusTick,492dd257-b141-5e75-c0f9-18350a9e0d89,1339652,0.01339652,400.0,Regular
2023-07-23T04:12:41.837Z,XBTUSD,Sell,100,29858.5,ZeroMinusTick,b86348a4-e8a4-d72e-e313-db823b763ff6,334913,0.00334913,100.0,Regular
2023-07-23T04:12:41.837Z,XBTUSD,Sell,4300,29858.5,ZeroMinusTick,e619a7b9-591c-67a0-ed38-f922d99f9dc2,14401259,0.14401259,4300.0,Regular
2023-07-23T04:12:41.837Z,XBTUSD,Sell,500,29858.5,ZeroMinusTick,72591f36-874b-7f10-c19c-9f520ed7855c,1674565,0.01674565,500.0,Regular
2023-07-23T04:12:41.837Z,XBTUSD,Sell,12600,29858.5,ZeroMinusTick,6d3328f1-211b-989d-708e-61ab732aaf33,42199038,0.42199038,12600.0,Regular
2023-07-23T04:12:41.837Z,XBTUSD,Sell,1100,29858.5,ZeroMinusTick,0fdd7403-583a-bcc7-3788-0eae36ab69b4,3684043,0.03684043,1100.0,Regular
2023-07-23T04:12:41.837Z,XBTUSD,Sell,1800,29858.5,ZeroMinusTick,496a4071-d65b-05d9-1154-ef12890473ae,6028434,0.06028434,1800.0,Regular
2023-07-23T04:12:41.837Z,XBTUSD,Sell,4700,29858.5,ZeroMinusTick,e7f7d947-6ea3-69ea-766a-985dc3b59367,15740911,0.15740911,4700.0,Regular
2023-07-23T04:12:41.837Z,XBTUSD,Sell,20300,29858.5,ZeroMinusTick,2d3c1760-fc4d-dc93-4757-709b9bc55814,67987339,0.67987339,20300.0,Regular
2023-07-23T04:12:41.837Z,XBTUSD,Sell,100,29858.5,ZeroMinusTick,683ac72f-c6e6-1994-ea51-34e982d4de39,334913,0.00334913,100.0,Regular
2023-07-23T04:12:41.837Z,XBTUSD,Sell,12000,29858.5,ZeroMinusTick,1f0b9b1f-0e2e-3847-6e3b-ccc706b3d8da,40189560,0.4018956,12000.0,Regular
2023-07-23T04:12:41.838Z,XBTUSD,Sell,16400,29858.5,ZeroMinusTick,9c4cd177-8ab4-c9c8-2a3c-07aeb67a22c2,54925732,0.54925732,16400.0,Regular
2023-07-23T04:12:41.852Z,XBTUSD,Sell,13600,29858.5,ZeroMinusTick,259d470c-4877-c23b-a921-7fa993dbcc16,45548168,0.45548168,13600.0,Regular
2023-07-23T04:12:41.852Z,XBTUSD,Sell,11600,29858.5,ZeroMinusTick,2ed94979-aeae-cddb-0666-7fbbdab514d3,38849908,0.38849908,11600.0,Regular
2023-07-23T04:12:41.852Z,XBTUSD,Sell,100,29858.5,ZeroMinusTick,258cf83c-821b-caf8-1e4b-3ecdeeb4c59a,334913,0.00334913,100.0,Regular
2023-07-23T04:12:42.030Z,XBTUSD,Sell,100,29857.5,MinusTick,4c2d529d-4028-650a-7120-2c6c5e14e923,334924,0.00334924,100.0,Regular
2023-07-23T04:12:42.030Z,XBTUSD,Sell,100,29857.5,ZeroMinusTick,491a9607-6832-c890-b837-4fe658c71238,334924,0.00334924,100.0,Regular
2023-07-23T04:12:42.030Z,XBTUSD,Sell,100,29857.5,ZeroMinusTick,cd6a4da1-d0a4-3698-557e-2329d4e538e5,334924,0.00334924,100.0,Regular
2023-07-23T04:12:42.030Z,XBTUSD,Sell,100,29857.5,ZeroMinusTick,f2ec2c9b-bf76-59e6-c496-09e2ddd5a147,334924,0.00334924,100.0,Regular
2023-07-23T04:12:42.030Z,XBTUSD,Sell,100,29857.5,ZeroMinusTick,786c8b70-3df0-6b81-dade-5f841b82f803,334924,0.00334924,100.0,Regular
2023-07-23T04:12:42.030Z,XBTUSD,Sell,100,29857.5,ZeroMinusTick,a547646b-4ca5-414e-6d83-3de5760d2982,334924,0.00334924,100.0,Regular
2023-07-23T04:13:01.284Z,XBTUSD,Buy,300,29856.0,MinusTick,a2a09b55-8fa8-6b56-cef2-2dd2ab6234b5,1004823,0.01004823,300.0,Regular
2023-07-23T04:13:01.284Z,XBTUSD,Buy,19200,29856.0,ZeroMinusTick,20dae308-1905-53bb-b9a9-0e8a36a169e9,64308672,0.64308672,19200.0,Regular
2023-07-23T04:17:00.228Z,XBTUSD,Sell,100,29855.5,MinusTick,79523450-fd0c-292c-b753-0f5ac1361079,334947,0.00334947,100.0,Regular
2023-07-23T04:17:00.228Z,XBTUSD,Sell,7100,29855.5,ZeroMinusTick,4ef95dda-694b-6f24-498b-b5dc8691ca6a,23781237,0.23781237,7100.0,Regular
2023-07-23T04:17:00.228Z,XBTUSD,Sell,1300,29855.5,ZeroMinusTick,21445ae9-4878-2792-3659-a165e9c57b91,4354311,0.04354311,1300.0,Regular
2023-07-23T04:17:00.228Z,XBTUSD,Sell,200,29855.5,ZeroMinusTick,50a7c714-5b5f-b0c7-64dc-e8f27051cc91,669894,0.00669894,200.0,Regular
2023-07-23T04:17:00.228Z,XBTUSD,Sell,100,29855.5,ZeroMinusTick,884fb215-de20-4158-380f-e6ce871a1e6e,334947,0.00334947,100.0,Regular
2023-07-23T04:17:00.228Z,XBTUSD,Sell,2300,29855.5,ZeroMinusTick,5e38047f-a958-c296-4bfa-383dc9d103f1,7703781,0.07703781,2300.0,Regular
2023-07-23T04:17:00.228Z,XBTUSD,Sell,13800,29855.5,ZeroMinusTick,8ec9c3ac-fe09-ef13-bcca-7cfe7ec51a2c,46222686,0.46222686,13800.0,Regular
2023-07-23T04:18:57.168Z,XBTUSD,Buy,23400,29856.0,PlusTick,550b5273-f1d9-2a8e-6c04-47309c25510d,78376194,0.78376194,23400.0,Regular
2023-07-23T04:18:57.168Z,XBTUSD,Buy,15100,29856.0,ZeroPlusTick,f7697521-84b1-8090-5aae-5f57e1487a97,50576091,0.50576091,15100.0,Regular
2023-07-23T04:18:57.168Z,XBTUSD,Buy,200,29856.0,ZeroPlusTick,337c53f2-f4d5-7d69-5cb6-f71c835fd10c,669882,0.00669882,200.0,Regular
2023-07-23T04:18:57.168Z,XBTUSD,Buy,27700,29856.0,ZeroPlusTick,06dd10e2-1bd0-cabf-24a7-5fc9684c2774,92778657,0.92778657,27700.0,Regular
2023-07-23T04:18:57.168Z,XBTUSD,Buy,600,29856.0,ZeroPlusTick,687e9705-7c05-757c-78c1-24df0147f80b,2009646,0.02009646,600.0,Regular
2023-07-23T04:18:57.168Z,XBTUSD,Buy,7800,29856.0,ZeroPlusTick,73ab98e6-7019-181b-17c2-ec1e2cf8157e,26125398,0.26125398,7800.0,Regular
2023-07-23T04:18:57.168Z,XBTUSD,Buy,100,29856.0,ZeroPlusTick,0ecb0e98-898c-dd84-9598-6b242993d66a,334941,0.00334941,100.0,Regular
2023-07-23T04:18:57.168Z,XBTUSD,Buy,100,29856.0,ZeroPlusTick,b85c5146-eb71-7da3-e7f4-ef8579d140bb,334941,0.00334941,100.0,Regular
2023-07-23T04:18:57.168Z,XBTUSD,Buy,300,29856.0,ZeroPlusTick,13cfcd18-7821-b6e5-607e-a3a531c76f21,1004823,0.01004823,300.0,Regular
2023-07-23T04:18:57.168Z,XBTUSD,Buy,200,29856.0,ZeroPlusTick,05c8f783-4516-2b23-800a-14e71e4e0a1b,669882,0.00669882,200.0,Regular
2023-07-23T04:18:57.168Z,XBTUSD,Buy,200,29856.0,ZeroPlusTick,42a07439-1436-d5df-448a-c5be1adc108d,669882,0.00669882,200.0,Regular
2023-07-23T04:18:57.168Z,XBTUSD,Buy,8500,29856.0,ZeroPlusTick,190a2d47-443a-08d1-06d0-6e64e0b50887,28469985,0.28469985,8500.0,Regular
2023-07-23T04:18:57.168Z,XBTUSD,Buy,34700,29856.0,ZeroPlusTick,224fef1a-9438-33c8-fc3b-1cdc4ab66a78,116224527,1.16224527,34700.0,Regular
2023-07-23T04:18:57.171Z,XBTUSD,Buy,1000,29856.5,PlusTick,9ed7a0c4-f0a7-25de-3856-175ca06fbf32,3349350,0.0334935,1000.0,Regular
2023-07-23T04:18:57.171Z,XBTUSD,Buy,1000,29857.0,PlusTick,aeb94a74-08b9-fa6e-7f35-236682a4f5d2,3349300,0.033493,1000.0,Regular
2023-07-23T04:18:57.171Z,XBTUSD,Buy,3100,29857.0,ZeroPlusTick,51031a90-7f5c-aa31-99a2-045037bfa82d,10382830,0.1038283,3100.0,Regular
2023-07-23T04:18:57.171Z,XBTUSD,Buy,100,29857.0,ZeroPlusTick,d8f70b67-04b8-448d-52dd-046b2ac85474,334930,0.0033493,100.0,Regular
2023-07-23T04:18:57.171Z,XBTUSD,Buy,100,29857.0,ZeroPlusTick,e945d232-cac5-c139-531e-d45c43628873,334930,0.0033493,100.0,Regular
2023-07-23T04:18:57.171Z,XBTUSD,Buy,100,29857.0,ZeroPlusTick,440f2517-3d78-598f-4145-8fe8568b8323,334930,0.0033493,100.0,Regular
2023-07-23T04:18:57.171Z,XBTUSD,Buy,100,29857.0,ZeroPlusTick,e521ebc3-d55b-6b9f-dff9-6701e8282ddd,334930,0.0033493,100.0,Regular
2023-07-23T04:18:57.171Z,XBTUSD,Buy,100,29857.0,ZeroPlusTick,217d3f08-8c2b-9b4e-1e06-3a72562921a6,334930,0.0033493,100.0,Regular
2023-07-23T04:18:57.171Z,XBTUSD,Buy,100,29857.0,ZeroPlusTick,8e70f8f3-ba0b-6eee-0aa5-bd3458520578,334930,0.0033493,100.0,Regular
2023-07-23T04:18:57.171Z,XBTUSD,Buy,100,29857.0,ZeroPlusTick,d4f8cd27-ddd0-c9e6-67f7-e4ce8db3b39d,334930,0.0033493,100.0,Regular
2023-07-23T04:18:57.171Z,XBTUSD,Buy,100,29857.0,ZeroPlusTick,03ee20d3-4064-15f1-5f15-b52839c33c0a,334930,0.0033493,100.0,Regular
2023-07-23T04:18:57.188Z,XBTUSD,Buy,3000,29856.5,MinusTick,6fcd7416-cab4-aaba-8cf3-643c6795506e,10048050,0.1004805,3000.0,Regular
2023-07-23T04:19:26.574Z,XBTUSD,Buy,300,29860.0,PlusTick,321338a0-58cf-8f71-c5e0-085e82545751,1004688,0.01004688,300.0,Regular
2023-07-23T04:19:38.625Z,XBTUSD,Buy,700,29860.0,ZeroPlusTick,255a6c64-3d5c-d64a-d299-6c4af5968370,2344272,0.02344272,700.0,Regular
2023-07-23T04:19:38.625Z,XBTUSD,Buy,100,29860.0,ZeroPlusTick,cf54b6ff-2644-1d81-2bc7-24d5271299f4,334896,0.00334896,100.0,Regular
2023-07-23T04:19:38.625Z,XBTUSD,Buy,19200,29860.0,ZeroPlusTick,e48cfcda-3c64-561b-72e1-ce1127bbea3c,64300032,0.64300032,19200.0,Regular
2023-07-23T04:20:28.716Z,XBTUSD,Buy,300,29860.0,ZeroPlusTick,6b8af610-f286-c9b5-a47d-02a950405dd8,1004688,0.01004688,300.0,Regular
2023-07-23T04:20:30.493Z,XBTUSD,Buy,300,29860.0,ZeroPlusTick,62b6860f-66ed-893e-f745-f3be64a8f124,1004688,0.01004688,300.0,Regular
2023-07-23T04:20:35.956Z,XBTUSD,Buy,200,29860.0,ZeroPlusTick,e355a602-7cef-599e-56d6-ff03a6c0ea6c,669792,0.00669792,200.0,Regular
2023-07-23T04:20:35.956Z,XBTUSD,Buy,100,29860.5,PlusTick,bed23b4e-4904-a383-b286-fcd9cdc49d72,334891,0.00334891,100.0,Regular
2023-07-23T04:21:26.146Z,XBTUSD,Sell,4800,29860.0,MinusTick,252b4978-c9be-176a-a9a0-49b7369fc978,16075008,0.16075008,4800.0,Regular
2023-07-23T04:21:26.146Z,XBTUSD,Sell,1700,29860.0,ZeroMinusTick,00b1d501-ba7b-80d4-bdb6-88290beba700,5693232,0.05693232,1700.0,Regular
2023-07-23T04:21:26.146Z,XBTUSD,Sell,12500,29860.0,ZeroMinusTick,a0a7ed4b-8e62-9374-6ace-1fab319879e1,41862000,0.41862,12500.0,Regular
2023-07-23T04:21:26.146Z,XBTUSD,Sell,20200,29860.0,ZeroMinusTick,012e28eb-1dd0-9872-b203-ff04c90c3cbd,67648992,0.67648992,20200.0,Regular
2023-07-23T04:21:26.146Z,XBTUSD,Sell,1100,29860.0,ZeroMinusTick,d4f56d60-c2cd-7447-249c-f9c4c3db6f02,3683856,0.03683856,1100.0,Regular
2023-07-23T04:21:26.146Z,XBTUSD,Sell,200,29860.0,ZeroMinusTick,d229a4de-fcb9-a392-3c12-7252d54d7a43,669792,0.00669792,200.0,Regular
2023-07-23T04:21:26.146Z,XBTUSD,Sell,1300,29860.0,ZeroMinusTick,92958c7b-00bf-7c92-14d9-8d1ab5827786,4353648,0.04353648,1300.0,Regular
2023-07-23T04:21:26.146Z,XBTUSD,Sell,500,29860.0,ZeroMinusTick,2f92c925-96ac-4bdb-061b-133747457fc2,1674480,0.0167448,500.0,Regular
2023-07-23T04:21:26.146Z,XBTUSD,Sell,900,29860.0,ZeroMinusTick,9c172855-c71b-1fdb-ac1e-c07f61a55be1,3014064,0.03014064,900.0,Regular
2023-07-23T04:21:26.146Z,XBTUSD,Sell,56900,29860.0,ZeroMinusTick,bc3c63e6-2c90-baad-6e26-4063f93d4017,190555824,1.90555824,56900.0,Regular
2023-07-23T04:21:26.146Z,XBTUSD,Sell,100,29860.0,ZeroMinusTick,5e7e3dc1-6542-229f-4580-f3d1cc056f26,334896,0.00334896,100.0,Regular
2023-07-23T04:21:26.146Z,XBTUSD,Sell,300,29860.0,ZeroMinusTick,fbbaf6a9-0712-942b-8bbf-947f63e249ac,1004688,0.01004688,300.0,Regular
2023-07-23T04:21:26.146Z,XBTUSD,Sell,4500,29860.0,ZeroMinusTick,8b05e801-9efb-58a9-e5d6-2bf6ab0a2987,15070320,0.1507032,4500.0,Regular
2023-07-23T04:21:26.146Z,XBTUSD,Sell,700,29860.0,ZeroMinusTick,7652ae0a-ce0b-9d8d-061b-6b6b1e19c58e,2344272,0.02344272,700.0,Regular
2023-07-23T04:21:26.146Z,XBTUSD,Sell,1100,29860.0,ZeroMinusTick,cc14659b-a64e-f6dc-96fd-8e587958e3ae,3683856,0.03683856,1100.0,Regular
2023-07-23T04:21:42.594Z,XBTUSD,Sell,7400,29860.0,ZeroMinusTick,ce21a9da-f0f5-1244-4884-bb860c4a1999,24782304,0.24782304,7400.0,Regular
2023-07-23T04:21:42.594Z,XBTUSD,Sell,91000,29860.0,ZeroMinusTick,15904127-e6d8-0600-72d3-9b78327b96a7,304755360,3.0475536,91000.0,Regular
2023-07-23T04:21:42.602Z,XBTUSD,Sell,25500,29860.0,ZeroMinusTick,aae14014-2c32-fd67-bbf3-3102375ac2b0,85398480,0.8539848,25500.0,Regular
2023-07-23T04:21:42.607Z,XBTUSD,Sell,20500,29860.0,ZeroMinusTick,38bab4e9-cda4-925e-35c1-b76dd30b6825,68653680,0.6865368,20500.0,Regular
2023-07-23T04:21:42.607Z,XBTUSD,Sell,800,29860.0,ZeroMinusTick,01998c15-8f19-86ab-b640-1dc6e503a6f2,2679168,0.02679168,800.0,Regular
2023-07-23T04:21:42.607Z,XBTUSD,Sell,4900,29860.0,ZeroMinusTick,56e7d755-f1cf-10ae-d920-fc94edd28c3d,16409904,0.16409904,4900.0,Regular
2023-07-23T04:21:42.608Z,XBTUSD,Sell,8900,29860.0,ZeroMinusTick,626c48a0-d4bb-3271-04c8-ece7d6cca61f,29805744,0.29805744,8900.0,Regular
2023-07-23T04:21:42.608Z,XBTUSD,Sell,200,29860.0,ZeroMinusTick,cfbdeadd-f222-d4b6-c24b-22ba39c214df,669792,0.00669792,200.0,Regular
2023-07-23T04:21:42.608Z,XBTUSD,Sell,2300,29860.0,ZeroMinusTick,9e5c3328-b85a-c2aa-f0c2-3f40eaa32a2a,7702608,0.07702608,2300.0,Regular
2023-07-23T04:21:42.608Z,XBTUSD,Sell,400,29860.0,ZeroMinusTick,aa6a780f-25fe-01f0-dba6-22093d4c5566,1339584,0.01339584,400.0,Regular
2023-07-23T04:21:42.608Z,XBTUSD,Sell,4300,29860.0,ZeroMinusTick,e4ae04ce-3014-5df9-099f-5b0b5b2efe64,14400528,0.14400528,4300.0,Regular
2023-07-23T04:21:42.608Z,XBTUSD,Sell,14100,29860.0,ZeroMinusTick,1e8a9652-1b6a-7e78-5fb0-447ad434dca9,47220336,0.47220336,14100.0,Regular
2023-07-23T04:21:45.841Z,XBTUSD,Sell,1200,29860.0,ZeroMinusTick,c4d45e37-0231-2913-1017-0d0b76a224e3,4018752,0.04018752,1200.0,Regular
2023-07-23T04:21:45.841Z,XBTUSD,Sell,600,29860.0,ZeroMinusTick,350fff6f-2f6b-b8df-dd5c-a5818090e07a,2009376,0.02009376,600.0,Regular
2023-07-23T04:21:45.841Z,XBTUSD,Sell,100,29860.0,ZeroMinusTick,814102af-00e6-222d-fdf1-ab053b0c999c,334896,0.00334896,100.0,Regular
2023-07-23T04:21:45.841Z,XBTUSD,Sell,200,29860.0,ZeroMinusTick,e736f34d-8c55-0101-d412-6225bff1c375,669792,0.00669792,200.0,Regular
2023-07-23T04:21:45.841Z,XBTUSD,Sell,100,29860.0,ZeroMinusTick,dbca1112-d588-673b-4738-7057c52572fe,334896,0.00334896,100.0,Regular
2023-07-23T04:21:45.841Z,XBTUSD,Sell,300,29860.0,ZeroMinusTick,05bb14ae-efd9-bc35-0da8-4f2ceb4db7ba,1004688,0.01004688,300.0,Regular
2023-07-23T04:21:45.841Z,XBTUSD,Sell,100,29860.0,ZeroMinusTick,98c90d9e-e6a4-a88c-3ea3-108aaa24e8ef,334896,0.00334896,100.0,Regular
2023-07-23T04:21:45.841Z,XBTUSD,Sell,14900,29860.0,ZeroMinusTick,f61d0934-f2aa-06ef-da9f-d08613bf25d2,49899504,0.49899504,14900.0,Regular
2023-07-23T04:21:45.844Z,XBTUSD,Sell,2900,29860.0,ZeroMinusTick,9fb56e06-9974-95c8-b277-bd18a633abe6,9711984,0.09711984,2900.0,Regular
2023-07-23T04:21:45.844Z,XBTUSD,Sell,200,29860.0,ZeroMinusTick,c0a817da-2f4a-8de5-0937-dbf130bd50e4,669792,0.00669792,200.0,Regular
2023-07-23T04:21:45.844Z,XBTUSD,Sell,1700,29860.0,ZeroMinusTick,1d4e3e2d-068b-39ef-542b-e6476fa84864,5693232,0.05693232,1700.0,Regular
2023-07-23T04:21:59.823Z,XBTUSD,Sell,10300,29859.5,MinusTick,9f74dac7-36f2-1a9b-e794-66aeb6f4543f,34494906,0.34494906,10300.0,Regular
2023-07-23T04:21:59.823Z,XBTUSD,Sell,1200,29859.5,ZeroMinusTick,c565d59b-c6ee-16de-d3dd-edce84457cac,4018824,0.04018824,1200.0,Regular
2023-07-23T04:21:59.823Z,XBTUSD,Sell,100,29859.5,ZeroMinusTick,2d0e96f3-28cf-d2a9-64b0-8a5025b06608,334902,0.00334902,100.0,Regular
2023-07-23T04:21:59.823Z,XBTUSD,Sell,100,29859.5,ZeroMinusTick,025a45ff-01dd-0988-086f-b06b331fed77,334902,0.00334902,100.0,Regular
2023-07-23T04:21:59.823Z,XBTUSD,Sell,21600,29859.5,ZeroMinusTick,6fd0f4bc-4185-ba03-8fa3-e191495b6367,72338832,0.72338832,21600.0,Regular
2023-07-23T04:21:59.832Z,XBTUSD,Sell,16100,29859.5,ZeroMinusTick,d147a916-7fa8-bedc-6975-b67617952b8d,53919222,0.53919222,16100.0,Regular
2023-07-23T04:21:59.832Z,XBTUSD,Sell,100,29859.5,ZeroMinusTick,6f019a59-a3f5-ccaf-5455-370db7e5babe,334902,0.00334902,100.0,Regular
2023-07-23T04:21:59.832Z,XBTUSD,Sell,100,29859.5,ZeroMinusTick,9feabee1-c70a-84e2-a108-7ba746bb3a61,334902,0.00334902,100.0,Regular
2023-07-23T04:21:59.832Z,XBTUSD,Sell,3200,29859.5,ZeroMinusTick,3eac44df-cffa-bc09-fe29-0e3c43d83c87,10716864,0.10716864,3200.0,Regular
2023-07-23T04:21:59.832Z,XBTUSD,Sell,400,29859.5,ZeroMinusTick,78f27c59-e5d0-25c0-2828-a7d1e0b5e259,1339608,0.01339608,400.0,Regular
2023-07-23T04:21:59.843Z,XBTUSD,Sell,100,29859.0,MinusTick,3a876214-e754-3c01-54d7-1c4d91592e61,334907,0.00334907,100.0,Regular
2023-07-23T04:21:59.843Z,XBTUSD,Sell,100,29859.0,ZeroMinusTick,74de5de7-d954-f66b-e916-692a1ef6f8b1,334907,0.00334907,100.0,Regular
2023-07-23T04:21:59.843Z,XBTUSD,Sell,100,29859.0,ZeroMinusTick,aa23a496-b9e4-a86d-9b19-e2ce42a18d38,334907,0.00334907,100.0,Regular
2023-07-23T04:21:59.843Z,XBTUSD,Sell,100,29859.0,ZeroMinusTick,a87789f6-ca80-174e-fd9b-81826f10f642,334907,0.00334907,100.0,Regular
2023-07-23T04:21:59.843Z,XBTUSD,Sell,100,29859.0,ZeroMinusTick,88a78420-038f-eabb-f3b0-51c537e539e8,334907,0.00334907,100.0,Regular
2023-07-23T04:21:59.843Z,XBTUSD,Sell,100,29859.0,ZeroMinusTick,c9dbafbe-c4e3-c628-9d01-c7849fad9f7c,334907,0.00334907,100.0,Regular
2023-07-23T04:21:59.907Z,XBTUSD,Sell,100,29858.5,MinusTick,c640146b-8ca7-aa4b-8ab5-21e524a537b5,334913,0.00334913,100.0,Regular
2023-07-23T04:21:59.907Z,XBTUSD,Sell,100,29858.5,ZeroMinusTick,1ca5cfc4-1b6e-208f-c9f7-25230d83ea8a,334913,0.00334913,100.0,Regular
2023-07-23T04:21:59.907Z,XBTUSD,Sell,100,29858.5,ZeroMinusTick,1ec6cdad-5e41-71e7-ca57-63df14bd29d2,334913,0.00334913,100.0,Regular
2023-07-23T04:22:00.383Z,XBTUSD,Sell,6700,29857.5,MinusTick,e10daa77-35e9-061a-5f62-f74fbdf7fdca,22439908,0.22439908,6700.0,Regular
2023-07-23T04:22:41.918Z,XBTUSD,Sell,300,29856.0,MinusTick,85bb8b50-2220-7171-218a-c844233906f6,1004823,0.01004823,300.0,Regular
2023-07-23T04:22:41.918Z,XBTUSD,Sell,800,29856.0,ZeroMinusTick,e092426f-b135-da4c-a755-2d64ef7ccf91,2679528,0.02679528,800.0,Regular
2023-07-23T04:22:41.918Z,XBTUSD,Sell,5100,29856.0,ZeroMinusTick,367c6976-30b7-51f3-1d81-049f6079e501,17081991,0.17081991,5100.0,Regular
2023-07-23T04:22:41.923Z,XBTUSD,Sell,4000,29856.0,ZeroMinusTick,a6fb2e90-b64a-532f-fe61-606ae52712bc,13397640,0.1339764,4000.0,Regular
2023-07-23T04:22:41.923Z,XBTUSD,Sell,100,29856.0,ZeroMinusTick,7a30637f-158d-b259-e0e1-de31bffca786,334941,0.00334941,100.0,Regular
2023-07-23T04:22:41.923Z,XBTUSD,Sell,400,29856.0,ZeroMinusTick,b973a046-3b05-9543-39e4-f4af3fe93391,1339764,0.01339764,400.0,Regular
2023-07-23T04:22:41.923Z,XBTUSD,Sell,4400,29856.0,ZeroMinusTick,5e5c2ca1-70d1-f42c-5e2c-ff0ae6caf30b,14737404,0.14737404,4400.0,Regular
2023-07-23T04:22:41.923Z,XBTUSD,Sell,100,29856.0,ZeroMinusTick,0f58df9c-6ad6-34ce-4f15-d12b947d0bfd,334941,0.00334941,100.0,Regular
2023-07-23T04:22:41.936Z,XBTUSD,Sell,100,29855.5,MinusTick,02445896-ecd2-9057-6d84-df3efe69dc6a,334947,0.00334947,100.0,Regular
2023-07-23T04:22:41.936Z,XBTUSD,Sell,1500,29855.5,ZeroMinusTick,bfb7b3b7-ccc2-b244-37da-a2b4b070325d,5024205,0.05024205,1500.0,Regular
2023-07-23T04:22:41.953Z,XBTUSD,Sell,100,29855.0,MinusTick,4fe144dd-2c0c-062d-a213-4754f871859a,334952,0.00334952,100.0,Regular
2023-07-23T04:22:41.953Z,XBTUSD,Sell,100,29855.0,ZeroMinusTick,e4721760-8d5e-99b0-9e39-f5b4584f1b6c,334952,0.00334952,100.0,Regular
2023-07-23T04:22:41.953Z,XBTUSD,Sell,100,29855.0,ZeroMinusTick,53eb27ed-ba51-fa71-c2a6-51e5123f84de,334952,0.00334952,100.0,Regular
2023-07-23T04:22:41.953Z,XBTUSD,Sell,100,29855.0,ZeroMinusTick,6dcf7f05-62b1-9d2e-9873-7f7138e06217,334952,0.00334952,100.0,Regular
2023-07-23T04:22:42.215Z,XBTUSD,Sell,100,29852.5,MinusTick,b3d187c3-2791-1b46-c83f-5f5f5ec683b5,334980,0.0033498,100.0,Regular
2023-07-23T04:22:42.215Z,XBTUSD,Sell,1200,29852.5,ZeroMinusTick,e4c28758-bb75-c3a5-f721-ebde8647e4fb,4019760,0.0401976,1200.0,Regular
2023-07-23T04:22:44.062Z,XBTUSD,Sell,300,29851.5,MinusTick,95c771ce-ff22-858f-81e0-0122ec775fd3,1004976,0.01004976,300.0,Regular
2023-07-23T04:22:45.497Z,XBTUSD,Sell,3100,29849.5,MinusTick,a25b70b7-fff0-4b9f-da22-3ded51c2e0f7,10385434,0.10385434,3100.0,Regular
2023-07-23T04:22:45.502Z,XBTUSD,Sell,1400,29849.5,ZeroMinusTick,669a4e63-5f42-3acc-18e2-ce9bba49b23a,4690196,0.04690196,1400.0,Regular
2023-07-23T04:22:45.507Z,XBTUSD,Sell,500,29849.5,ZeroMinusTick,651d689f-13d7-cd0d-0270-0153b2c732a3,1675070,0.0167507,500.0,Regular
2023-07-23T04:22:45.507Z,XBTUSD,Sell,300,29849.5,ZeroMinusTick,6332543e-c907-832c-a772-e4145380a0ea,1005042,0.01005042,300.0,Regular
2023-07-23T04:22:45.507Z,XBTUSD,Sell,200,29849.5,ZeroMinusTick,6deb6847-4e83-024e-099d-1a47e0acabf5,670028,0.00670028,200.0,Regular
2023-07-23T04:22:45.507Z,XBTUSD,Sell,2200,29849.5,ZeroMinusTick,21713e1b-cb8f-0397-8290-99af1edcf06a,7370308,0.07370308,2200.0,Regular
2023-07-23T04:22:45.572Z,XBTUSD,Sell,6700,29849.0,MinusTick,5487c380-234a-4dd3-1be2-3743cc1ec1f8,22446340,0.2244634,6700.0,Regular
2023-07-23T04:22:45.645Z,XBTUSD,Sell,1200,29846.0,MinusTick,cbb19fc3-d91a-77c8-a5ea-2897ef787df0,4020636,0.04020636,1200.0,Regular
2023-07-23T04:22:45.645Z,XBTUSD,Sell,300,29845.5,MinusTick,22658948-d707-da57-f758-55d157596bdd,1005177,0.01005177,300.0,Regular
2023-07-23T04:22:45.645Z,XBTUSD,Sell,300,29845.0,MinusTick,9fcdf876-39d4-9fc8-4920-53fc1a47369f,1005192,0.01005192,300.0,Regular
2023-07-23T04:22:45.645Z,XBTUSD,Sell,55900,29845.0,ZeroMinusTick,fe5c7c3b-e796-ac7f-ba6b-1a3f92afafc9,187300776,1.87300776,55900.0,Regular
2023-07-23T04:22:45.645Z,XBTUSD,Sell,300,29844.5,MinusTick,36e75f4c-1835-bc34-0167-318ce584d82d,1005210,0.0100521,300.0,Regular
2023-07-23T04:22:45.645Z,XBTUSD,Sell,100,29844.0,MinusTick,da41ad9c-a054-d1ac-1644-1aca1e6226e6,335076,0.00335076,100.0,Regular
2023-07-23T04:22:45.645Z,XBTUSD,Sell,126300,29844.0,ZeroMinusTick,13f09737-e252-c33e-90f4-578dc3e3160c,423200988,4.23200988,126300.0,Regular
2023-07-23T04:22:45.645Z,XBTUSD,Sell,300,29844.0,ZeroMinusTick,1bc2c1a4-fe48-fa29-b078-7a340cebb83d,1005228,0.01005228,300.0,Regular
2023-07-23T04:22:45.645Z,XBTUSD,Sell,300,29844.0,ZeroMinusTick,e5dc12ee-1ee6-32e8-0b5a-cde2a46410d9,1005228,0.01005228,300.0,Regular
2023-07-23T04:22:45.645Z,XBTUSD,Sell,252500,29843.5,MinusTick,fb638087-14fc-f20d-b559-b224cccbe034,846079525,8.46079525,252500.0,Regular
2023-07-23T04:22:45.645Z,XBTUSD,Sell,8000,29843.5,ZeroMinusTick,639093c4-e968-1e6e-78a6-317950f23783,26806480,0.2680648,8000.0,Regular
2023-07-23T04:22:45.645Z,XBTUSD,Sell,37500,29843.0,MinusTick,b8c6ec05-0dac-d177-a488-10b881ba26c2,125657625,1.25657625,37500.0,Regular
2023-07-23T04:22:45.645Z,XBTUSD,Sell,100,29842.5,MinusTick,d7b36a69-6930-ff49-3508-0e05dc1b7c1c,335093,0.00335093,100.0,Regular
2023-07-23T04:22:45.645Z,XBTUSD,Sell,300,29842.0,MinusTick,01dfb671-f6fd-b713-1fde-344670297316,1005294,0.01005294,300.0,Regular
2023-07-23T04:22:45.645Z,XBTUSD,Sell,20800,29842.0,ZeroMinusTick,02d0c50c-0198-7719-71ff-03690fe398d0,69700384,0.69700384,20800.0,Regular
2023-07-23T04:22:45.645Z,XBTUSD,Sell,55800,29841.5,MinusTick,d8549449-ddd1-5fe3-5d1a-78dbb4e47a04,186988032,1.86988032,55800.0,Regular
2023-07-23T04:23:31.457Z,XBTUSD,Sell,300,29846.5,PlusTick,858742c5-3fc0-8762-e872-a5c84d8d4153,1005144,0.01005144,300.0,Regular
2023-07-23T04:23:31.457Z,XBTUSD,Sell,1700,29846.5,ZeroPlusTick,9f55d826-7f62-8f9d-3499-90254d33f1c0,5695816,0.05695816,1700.0,Regular
2023-07-23T04:23:45.766Z,XBTUSD,Buy,300,29847.0,PlusTick,1350a5f0-7d75-c19d-0efb-e8cba468257b,1005126,0.01005126,300.0,Regular
2023-07-23T04:29:39.382Z,XBTUSD,Buy,200,29847.0,ZeroPlusTick,8a8cb46e-3fb3-cb15-4964-b65e0b7ef144,670084,0.00670084,200.0,Regular
2023-07-23T04:29:47.792Z,XBTUSD,Buy,300,29847.0,ZeroPlusTick,dd154b64-4c51-afda-c135-5a5aa4a8462a,1005126,0.01005126,300.0,Regular
2023-07-23T04:29:49.357Z,XBTUSD,Buy,300,29847.0,ZeroPlusTick,d079b3c7-5e00-af9b-d5f2-6dbba9208787,1005126,0.01005126,300.0,Regular
2023-07-23T04:30:01.194Z,XBTUSD,Buy,300,29847.0,ZeroPlusTick,fc0bc0bb-03e7-c969-3a06-5add930d96a5,1005126,0.01005126,300.0,Regular
2023-07-23T04:30:02.972Z,XBTUSD,Buy,200,29847.0,ZeroPlusTick,1709acb0-3728-853c-af9d-3606bb2b4a0e,670084,0.00670084,200.0,Regular
2023-07-23T04:30:02.972Z,XBTUSD,Buy,100,29847.0,ZeroPlusTick,bff7db7f-b2b1-e2a8-ab77-d1ac3e58fdd0,335042,0.00335042,100.0,Regular
2023-07-23T04:30:11.766Z,XBTUSD,Buy,600,29847.0,ZeroPlusTick,5e318fa4-654d-11f3-1fdb-cc9ef108c96a,2010252,0.02010252,600.0,Regular
2023-07-23T04:30:11.766Z,XBTUSD,Buy,1100,29847.0,ZeroPlusTick,7fed0536-24f4-4a34-7a64-d3302e050ad4,3685462,0.03685462,1100.0,Regular
2023-07-23T04:30:11.766Z,XBTUSD,Buy,600,29847.0,ZeroPlusTick,f94da4b3-3c75-e065-2a20-362e53a99e8d,2010252,0.02010252,600.0,Regular
2023-07-23T04:30:11.766Z,XBTUSD,Buy,100,29847.0,ZeroPlusTick,c5a4df0f-118a-5a42-91f8-dedf3b797bd7,335042,0.00335042,100.0,Regular
2023-07-23T04:30:11.766Z,XBTUSD,Buy,200,29847.0,ZeroPlusTick,b548bb0f-dc57-411d-b8b0-8998a1a1b1b0,670084,0.00670084,200.0,Regular
2023-07-23T04:30:11.766Z,XBTUSD,Buy,100,29847.0,ZeroPlusTick,d9b8a45e-3446-f074-055b-d32bd8e282eb,335042,0.00335042,100.0,Regular
2023-07-23T04:30:11.766Z,XBTUSD,Buy,11100,29847.0,ZeroPlusTick,7f0c0ad1-fedf-f3e1-ce76-96d2e5b1fb3e,37189662,0.37189662,11100.0,Regular
2023-07-23T04:30:11.766Z,XBTUSD,Buy,100,29847.0,ZeroPlusTick,3156be7b-2c86-75c4-6c0d-caa99adeacb2,335042,0.00335042,100.0,Regular
2023-07-23T04:30:11.766Z,XBTUSD,Buy,100,29847.0,ZeroPlusTick,cfaf5368-d3c7-d5de-3954-3670b21ed9e3,335042,0.00335042,100.0,Regular
2023-07-23T04:30:11.766Z,XBTUSD,Buy,100,29847.0,ZeroPlusTick,c25a4dc3-0e71-1ceb-4d41-a79c1d951fb5,335042,0.00335042,100.0,Regular
2023-07-23T04:30:11.766Z,XBTUSD,Buy,200,29847.0,ZeroPlusTick,ff981512-a4b2-c9a0-45d5-a40ca0b4f7c9,670084,0.00670084,200.0,Regular
2023-07-23T04:30:11.766Z,XBTUSD,Buy,8000,29847.0,ZeroPlusTick,936c70cd-8c51-ddb4-92e1-88f20580ce5f,26803360,0.2680336,8000.0,Regular
2023-07-23T04:30:11.766Z,XBTUSD,Buy,100,29847.0,ZeroPlusTick,849d4eb4-6974-090a-1342-6793e9f7e86a,335042,0.00335042,100.0,Regular
2023-07-23T04:30:11.766Z,XBTUSD,Buy,42900,29847.0,ZeroPlusTick,f5404eac-a78e-4cc8-0750-5e485e138bff,143733018,1.43733018,42900.0,Regular
2023-07-23T04:30:11.766Z,XBTUSD,Buy,2300,29847.0,ZeroPlusTick,5bd7d528-c133-841f-762d-2d4417873c58,7705966,0.07705966,2300.0,Regular
2023-07-23T04:30:11.766Z,XBTUSD,Buy,400,29847.0,ZeroPlusTick,ac8d1117-da72-bf37-09a7-5a5a5bc85cce,1340168,0.01340168,400.0,Regular
2023-07-23T04:30:11.766Z,XBTUSD,Buy,4300,29847.0,ZeroPlusTick,50acb396-07f0-d3f3-831b-8d06ddac6089,14406806,0.14406806,4300.0,Regular
2023-07-23T04:30:11.766Z,XBTUSD,Buy,1500,29847.0,ZeroPlusTick,9e7a125c-dab4-e030-cd41-d03fbccfe247,5025630,0.0502563,1500.0,Regular
2023-07-23T04:30:11.766Z,XBTUSD,Buy,200,29847.0,ZeroPlusTick,d264b1bf-ae26-2558-11c6-4f63ef95205d,670084,0.00670084,200.0,Regular
2023-07-23T04:31:01.605Z,XBTUSD,Buy,200,29848.0,PlusTick,49d895b6-05aa-3231-f7ba-81b4e225a9b4,670062,0.00670062,200.0,Regular
2023-07-23T04:31:01.605Z,XBTUSD,Buy,100,29848.0,ZeroPlusTick,fad5238f-8744-44cb-f58e-a2ef62bd1bdc,335031,0.00335031,100.0,Regular
2023-07-23T04:31:55.795Z,XBTUSD,Buy,300,29848.0,ZeroPlusTick,4c919c2d-6565-93cd-7875-051b59a10459,1005093,0.01005093,300.0,Regular
2023-07-23T04:31:56.689Z,XBTUSD,Buy,10600,29848.0,ZeroPlusTick,cf2a173d-3c3e-4313-82e6-f1b8b7a5b675,35513286,0.35513286,10600.0,Regular
2023-07-23T04:31:56.689Z,XBTUSD,Buy,100,29848.0,ZeroPlusTick,7f12f90f-34af-88df-54fd-ca375e52f2ff,335031,0.00335031,100.0,Regular
2023-07-23T04:31:56.689Z,XBTUSD,Buy,1200,29848.0,ZeroPlusTick,f4b6ba39-dffa-abdd-ef91-b33b973976a9,4020372,0.04020372,1200.0,Regular
2023-07-23T04:31:56.689Z,XBTUSD,Buy,900,29848.0,ZeroPlusTick,45711303-6153-6352-6cb3-577ca6b0281e,3015279,0.03015279,900.0,Regular
2023-07-23T04:31:56.689Z,XBTUSD,Buy,6300,29848.0,ZeroPlusTick,27c98c24-b4b6-6fce-7f87-2430de433773,21106953,0.21106953,6300.0,Regular
2023-07-23T04:31:56.689Z,XBTUSD,Buy,10200,29848.0,ZeroPlusTick,970eb74c-d4eb-0da8-41ae-9b68157b5f76,34173162,0.34173162,10200.0,Regular
2023-07-23T04:31:56.689Z,XBTUSD,Buy,2400,29848.0,ZeroPlusTick,6c64f937-8e0b-e747-f58b-528dbcbd313f,8040744,0.08040744,2400.0,Regular
2023-07-23T04:31:56.689Z,XBTUSD,Buy,500,29848.0,ZeroPlusTick,30d9d1ca-1c33-5ee3-67dc-f69339182890,1675155,0.01675155,500.0,Regular
2023-07-23T04:31:56.689Z,XBTUSD,Buy,600,29848.0,ZeroPlusTick,5964dff3-77b8-c8c7-bf4a-99fa5ac87349,2010186,0.02010186,600.0,Regular
2023-07-23T04:31:56.689Z,XBTUSD,Buy,4800,29848.0,ZeroPlusTick,a74c885d-37d5-3706-3dc0-52b19ffb23de,16081488,0.16081488,4800.0,Regular
2023-07-23T04:31:56.689Z,XBTUSD,Buy,100,29848.0,ZeroPlusTick,7c506130-dc53-18e5-db72-229278dd2d91,335031,0.00335031,100.0,Regular
2023-07-23T04:31:56.689Z,XBTUSD,Buy,100,29848.0,ZeroPlusTick,0b25e42d-44d2-6964-6c57-f4588013b8f4,335031,0.00335031,100.0,Regular
2023-07-23T04:31:57.364Z,XBTUSD,Buy,300,29849.0,PlusTick,7f612522-c241-3814-67b3-3bde3f4c9a61,1005060,0.0100506,300.0,Regular
2023-07-23T04:32:21.861Z,XBTUSD,Buy,2000,29849.0,ZeroPlusTick,31c3ab8d-8ea6-7186-fc15-43047ff452bb,6700400,0.067004,2000.0,Regular
2023-07-23T04:33:37.553Z,XBTUSD,Sell,100,29848.5,MinusTick,a6d0617e-63a7-2195-3e9a-d3015955abc3,335025,0.00335025,100.0,Regular
2023-07-23T04:33:37.553Z,XBTUSD,Sell,10600,29848.5,ZeroMinusTick,2d2c2a72-8133-9ae1-726a-9068c57d5362,35512650,0.3551265,10600.0,Regular
2023-07-23T04:33:37.553Z,XBTUSD,Sell,1300,29848.5,ZeroMinusTick,cc48073f-4baa-5601-6ecd-d40f2575b5be,4355325,0.04355325,1300.0,Regular
2023-07-23T04:33:37.553Z,XBTUSD,Sell,1000,29848.5,ZeroMinusTick,fcf12a11-eca6-ce15-36f4-2ddbb842c141,3350250,0.0335025,1000.0,Regular
2023-07-23T04:33:37.553Z,XBTUSD,Sell,1800,29848.5,ZeroMinusTick,936ccc03-4332-c473-c224-88bd6e96157e,6030450,0.0603045,1800.0,Regular
2023-07-23T04:33:37.553Z,XBTUSD,Sell,15800,29848.5,ZeroMinusTick,782087f1-d11e-7e47-3bd0-edbae63c8923,52933950,0.5293395,15800.0,Regular
2023-07-23T04:33:43.796Z,XBTUSD,Buy,7700,29849.0,PlusTick,6922162d-ada7-9064-83bd-7f58fd38d1f4,25796540,0.2579654,7700.0,Regular
2023-07-23T04:33:43.796Z,XBTUSD,Buy,2400,29849.0,ZeroPlusTick,1d31a42b-b756-5eb0-ad30-2c4fe19b899c,8040480,0.0804048,2400.0,Regular
2023-07-23T04:33:43.796Z,XBTUSD,Buy,200,29849.0,ZeroPlusTick,ae49da70-30c5-b741-3cd3-b823e8a08a4b,670040,0.0067004,200.0,Regular
2023-07-23T04:33:43.796Z,XBTUSD,Buy,1000,29849.0,ZeroPlusTick,84f2c0af-710d-5c40-ec5b-e08871452e48,3350200,0.033502,1000.0,Regular
2023-07-23T04:33:43.796Z,XBTUSD,Buy,100,29849.0,ZeroPlusTick,8fb214c8-c2f9-eb78-aa49-4039b9c576bf,335020,0.0033502,100.0,Regular
2023-07-23T04:33:43.796Z,XBTUSD,Buy,100,29849.0,ZeroPlusTick,0b74b107-be7b-9a23-3fbf-813eac1ffe46,335020,0.0033502,100.0,Regular
2023-07-23T04:33:43.796Z,XBTUSD,Buy,29800,29849.0,ZeroPlusTick,47227021-e328-fcde-5ae2-38485a63c19c,99835960,0.9983596,29800.0,Regular
2023-07-23T04:33:45.251Z,XBTUSD,Buy,100,29850.0,PlusTick,380d76c8-1874-3ff3-21db-eba532a09ac6,335008,0.00335008,100.0,Regular
2023-07-23T04:33:45.251Z,XBTUSD,Buy,200,29850.0,ZeroPlusTick,cff7c272-af36-9aa1-c034-e628050b7f81,670016,0.00670016,200.0,Regular
2023-07-23T04:33:46.621Z,XBTUSD,Buy,300,29850.0,ZeroPlusTick,c7af7f69-3176-1bc0-9785-9536a6297b9f,1005024,0.01005024,300.0,Regular
2023-07-23T04:33:54.514Z,XBTUSD,Buy,300,29850.0,ZeroPlusTick,919c6161-e3be-ffbf-f0e3-85666d0fdb48,1005024,0.01005024,300.0,Regular
2023-07-23T04:33:58.023Z,XBTUSD,Buy,300,29850.0,ZeroPlusTick,d6b7bc26-9c32-3905-3eab-3b4a468525a5,1005024,0.01005024,300.0,Regular
2023-07-23T04:33:58.643Z,XBTUSD,Buy,6200,29850.0,ZeroPlusTick,1eeb896c-96db-76ca-73e3-9fa73fc26ca2,20770496,0.20770496,6200.0,Regular
2023-07-23T04:33:58.643Z,XBTUSD,Buy,100,29850.0,ZeroPlusTick,282cdabc-daf1-0971-403c-39d76d962496,335008,0.00335008,100.0,Regular
2023-07-23T04:33:58.643Z,XBTUSD,Buy,100,29850.0,ZeroPlusTick,9ce02c4e-1002-be24-b142-071ee13d9955,335008,0.00335008,100.0,Regular
2023-07-23T04:33:58.643Z,XBTUSD,Buy,100,29850.0,ZeroPlusTick,a1eeb13c-4ea9-e2a4-ea7d-eee2a083a050,335008,0.00335008,100.0,Regular
2023-07-23T04:33:58.643Z,XBTUSD,Buy,100,29850.0,ZeroPlusTick,9504a391-b750-5699-7244-6d96cba53459,335008,0.00335008,100.0,Regular
2023-07-23T04:33:58.643Z,XBTUSD,Buy,100,29850.0,ZeroPlusTick,3c642f2b-49e8-9958-57a8-1d7ffca4dfa4,335008,0.00335008,100.0,Regular
2023-07-23T04:33:58.643Z,XBTUSD,Buy,100,29850.0,ZeroPlusTick,fca42b57-10a4-a44d-50d2-70490fc6bc4a,335008,0.00335008,100.0,Regular
2023-07-23T04:33:58.643Z,XBTUSD,Buy,600,29850.0,ZeroPlusTick,73388990-564c-5982-616e-09d8471938f5,2010048,0.02010048,600.0,Regular
2023-07-23T04:33:58.643Z,XBTUSD,Buy,300,29850.0,ZeroPlusTick,816ed58d-41d5-b186-a988-9b1e62258e09,1005024,0.01005024,300.0,Regular
2023-07-23T04:33:58.651Z,XBTUSD,Buy,100,29851.0,PlusTick,4a68c2ca-a0e5-bd69-a49e-e52051aa9389,334997,0.00334997,100.0,Regular
2023-07-23T04:33:58.651Z,XBTUSD,Buy,10000,29852.0,PlusTick,e28ad92f-6761-9cfd-55c0-f9df5073307c,33498600,0.334986,10000.0,Regular
2023-07-23T04:33:59.375Z,XBTUSD,Buy,100,29854.5,PlusTick,517bf6cb-53d6-8e3b-cecd-4cc03ddfc4c0,334958,0.00334958,100.0,Regular
2023-07-23T04:33:59.375Z,XBTUSD,Buy,200,29854.5,ZeroPlusTick,96a9ddbc-3040-6233-945d-bc9de1c7188f,669916,0.00669916,200.0,Regular
2023-07-23T04:34:00.742Z,XBTUSD,Buy,300,29855.0,PlusTick,78767635-1ed6-94c9-e93d-dc0b9f49f20e,1004856,0.01004856,300.0,Regular
2023-07-23T04:34:03.333Z,XBTUSD,Buy,100,29856.0,PlusTick,24392ddd-82b8-6b1e-5144-a726fdb1a8db,334941,0.00334941,100.0,Regular
2023-07-23T04:34:03.333Z,XBTUSD,Buy,200,29856.0,ZeroPlusTick,d3dfb5ad-d2d4-258b-192b-2a444488b8e3,669882,0.00669882,200.0,Regular
2023-07-23T04:34:03.466Z,XBTUSD,Buy,9800,29856.0,ZeroPlusTick,449628d5-ea9a-a534-658e-ebdf1c481525,32824218,0.32824218,9800.0,Regular
2023-07-23T04:34:03.466Z,XBTUSD,Buy,1200,29856.0,ZeroPlusTick,dc57ed83-8eb0-2081-8118-8b40ce1edaf1,4019292,0.04019292,1200.0,Regular
2023-07-23T04:34:03.466Z,XBTUSD,Buy,300,29857.5,PlusTick,1bfbd2f6-e5e2-8fe4-87ca-e2b98172a0de,1004772,0.01004772,300.0,Regular
2023-07-23T04:34:03.466Z,XBTUSD,Buy,6100,29858.0,PlusTick,f0457bb8-739a-0858-25c9-5903fb232aa1,20430059,0.20430059,6100.0,Regular
2023-07-23T04:34:03.466Z,XBTUSD,Buy,10000,29858.5,PlusTick,af171dbc-924a-ced2-2140-9bc0cb247da6,33491300,0.334913,10000.0,Regular
2023-07-23T04:34:03.489Z,XBTUSD,Buy,8000,29859.5,PlusTick,26d699de-c279-a35d-7153-6c95c11a1e3e,26792160,0.2679216,8000.0,Regular
2023-07-23T04:34:03.489Z,XBTUSD,Buy,10400,29859.5,ZeroPlusTick,3b3998ae-c90b-623f-88b4-af81bc9d88c4,34829808,0.34829808,10400.0,Regular
2023-07-23T04:34:03.489Z,XBTUSD,Buy,10000,29860.0,PlusTick,55e4ef64-e2c3-e444-5641-74baad2470e0,33489600,0.334896,10000.0,Regular
2023-07-23T04:34:03.489Z,XBTUSD,Buy,6200,29860.0,ZeroPlusTick,02d61d77-b276-80a9-67fe-b1c8c9ca3640,20763552,0.20763552,6200.0,Regular
2023-07-23T04:34:03.489Z,XBTUSD,Buy,6400,29860.5,PlusTick,af9a5c27-6268-f508-1c95-b1926b5da6bf,21433024,0.21433024,6400.0,Regular
2023-07-23T04:34:04.705Z,XBTUSD,Buy,200,29861.0,PlusTick,5d7c70e2-b772-e71d-5805-7bb302db51de,669770,0.0066977,200.0,Regular
2023-07-23T04:34:04.705Z,XBTUSD,Buy,100,29861.0,ZeroPlusTick,17fe7724-56ed-3862-a9f4-8addffeb01b5,334885,0.00334885,100.0,Regular
2023-07-23T04:34:06.086Z,XBTUSD,Buy,100,29861.0,ZeroPlusTick,893ad323-22cb-9a87-b3d6-5f52ba417585,334885,0.00334885,100.0,Regular
2023-07-23T04:34:06.086Z,XBTUSD,Buy,200,29861.0,ZeroPlusTick,18a174bb-8df9-dc6d-4eb6-fa38ea90833c,669770,0.0066977,200.0,Regular
2023-07-23T04:34:08.913Z,XBTUSD,Buy,300,29861.0,ZeroPlusTick,cf398036-7aaf-04d3-0042-62eb32d03a22,1004655,0.01004655,300.0,Regular
2023-07-23T04:34:22.309Z,XBTUSD,Buy,300,29861.0,ZeroPlusTick,52147bc7-d1d3-3921-e45c-e8206d99e611,1004655,0.01004655,300.0,Regular
2023-07-23T04:34:28.600Z,XBTUSD,Buy,300,29861.0,ZeroPlusTick,aaf0cee9-3fba-89ec-c9af-1498f717a225,1004655,0.01004655,300.0,Regular
2023-07-23T04:34:29.982Z,XBTUSD,Buy,300,29861.0,ZeroPlusTick,1b6039a5-be7a-a9de-c569-84c0460dbeb3,1004655,0.01004655,300.0,Regular
2023-07-23T04:34:31.348Z,XBTUSD,Buy,300,29861.0,ZeroPlusTick,4855b5dd-1275-2741-0c99-1026e73b51c1,1004655,0.01004655,300.0,Regular
2023-07-23T04:34:34.962Z,XBTUSD,Buy,300,29861.0,ZeroPlusTick,25a055a1-1c39-5231-bcac-a4b56f7216dc,1004655,0.01004655,300.0,Regular
2023-07-23T04:34:42.322Z,XBTUSD,Buy,300,29861.0,ZeroPlusTick,e0a9cdaa-f489-f8dc-e802-1182647e9f65,1004655,0.01004655,300.0,Regular
2023-07-23T04:34:56.060Z,XBTUSD,Buy,300,29861.0,ZeroPlusTick,bce32a10-cc9f-485d-4cf6-a6cba3ebb41b,1004655,0.01004655,300.0,Regular
2023-07-23T04:35:04.679Z,XBTUSD,Buy,300,29861.0,ZeroPlusTick,953ae3f6-1d28-1200-2787-a7b234f18936,1004655,0.01004655,300.0,Regular
2023-07-23T04:35:07.247Z,XBTUSD,Buy,300,29861.0,ZeroPlusTick,06ab777a-343d-906d-3987-25359fe8fbd9,1004655,0.01004655,300.0,Regular
2023-07-23T04:35:18.312Z,XBTUSD,Buy,300,29861.0,ZeroPlusTick,1c1d89d4-a7df-5f3f-2e96-dbe5cdbf929a,1004655,0.01004655,300.0,Regular
2023-07-23T04:38:14.130Z,XBTUSD,Buy,1100,29861.0,ZeroPlusTick,626acfb4-7850-d5db-b812-5b609a3f5531,3683735,0.03683735,1100.0,Regular
2023-07-23T04:38:20.130Z,XBTUSD,Sell,200,29860.5,MinusTick,1b0e53aa-b7cf-8aca-0ff7-ae12bc879ffb,669782,0.00669782,200.0,Regular
2023-07-23T04:38:33.465Z,XBTUSD,Buy,100,29861.0,PlusTick,9b89b1be-ca97-ee19-ebd0-30ee20b550c0,334885,0.00334885,100.0,Regular
2023-07-23T04:38:35.891Z,XBTUSD,Buy,100,29861.0,ZeroPlusTick,f4675b1e-6261-a8a9-2d57-0727cfa69351,334885,0.00334885,100.0,Regular
2023-07-23T04:38:38.593Z,XBTUSD,Buy,100,29861.0,ZeroPlusTick,fac496c8-69ff-70c7-e9bc-163ef6048747,334885,0.00334885,100.0,Regular
2023-07-23T04:38:43.332Z,XBTUSD,Buy,5300,29861.0,ZeroPlusTick,4894756e-f51c-dea1-4a33-5d82144b7423,17748905,0.17748905,5300.0,Regular
2023-07-23T04:38:43.332Z,XBTUSD,Buy,10000,29861.0,ZeroPlusTick,56fc1e14-7e73-4e34-aed0-575f18ea3028,33488500,0.334885,10000.0,Regular
2023-07-23T04:38:43.332Z,XBTUSD,Buy,9000,29861.0,ZeroPlusTick,d0f078b1-4b61-e360-942b-37d1f93036f6,30139650,0.3013965,9000.0,Regular
2023-07-23T04:38:43.332Z,XBTUSD,Buy,200,29861.0,ZeroPlusTick,c86f2ad2-f3ab-1d5e-a34c-73602ab44274,669770,0.0066977,200.0,Regular
2023-07-23T04:38:43.332Z,XBTUSD,Buy,1200,29861.0,ZeroPlusTick,2cde7a05-3ba7-9f20-75a1-4ed47ea06406,4018620,0.0401862,1200.0,Regular
2023-07-23T04:38:43.332Z,XBTUSD,Buy,11900,29861.0,ZeroPlusTick,b8c7c756-94e5-3a8b-1a6d-bdeb2e730e4f,39851315,0.39851315,11900.0,Regular
2023-07-23T04:38:43.332Z,XBTUSD,Buy,400,29861.0,ZeroPlusTick,57b0b9d1-d204-7941-0f1e-ef600380f656,1339540,0.0133954,400.0,Regular
2023-07-23T04:38:43.332Z,XBTUSD,Buy,200,29861.0,ZeroPlusTick,31db9441-7808-c256-b4b1-90da93c200d6,669770,0.0066977,200.0,Regular
2023-07-23T04:38:50.346Z,XBTUSD,Buy,200,29862.0,PlusTick,4b046a21-f71d-dcc3-5ee8-15289a5919af,669748,0.00669748,200.0,Regular
2023-07-23T04:38:50.346Z,XBTUSD,Buy,100,29862.0,ZeroPlusTick,f25bddf7-3c00-6a5c-0194-4c1360864ede,334874,0.00334874,100.0,Regular
2023-07-23T04:38:57.847Z,XBTUSD,Buy,300,29862.0,ZeroPlusTick,74caf26a-4a39-f913-bb5a-757d2c8c4150,1004622,0.01004622,300.0,Regular
2023-07-23T04:38:59.200Z,XBTUSD,Buy,300,29862.0,ZeroPlusTick,c932b009-1618-2e3b-d398-552b8d7a3fb7,1004622,0.01004622,300.0,Regular
2023-07-23T04:39:01.935Z,XBTUSD,Buy,300,29862.0,ZeroPlusTick,ac384637-a6be-eb4f-7007-91165d278efe,1004622,0.01004622,300.0,Regular
2023-07-23T04:39:03.693Z,XBTUSD,Buy,300,29862.0,ZeroPlusTick,c1ec93c1-1dd0-3119-1638-4b5209c4f9fe,1004622,0.01004622,300.0,Regular
2023-07-23T04:39:14.198Z,XBTUSD,Buy,300,29862.0,ZeroPlusTick,6b4240e8-5341-127d-2e2e-65ef5114fa46,1004622,0.01004622,300.0,Regular
2023-07-23T04:39:15.522Z,XBTUSD,Buy,500,29862.0,ZeroPlusTick,c2ab65fd-3fea-98de-dc9c-485b166d196e,1674370,0.0167437,500.0,Regular
2023-07-23T04:39:15.522Z,XBTUSD,Buy,100,29862.0,ZeroPlusTick,f545bf6b-86f8-72df-1661-8902229f3d98,334874,0.00334874,100.0,Regular
2023-07-23T04:39:15.522Z,XBTUSD,Buy,100,29862.0,ZeroPlusTick,4a2173c2-d5ce-0bc7-b4e9-33410e7933de,334874,0.00334874,100.0,Regular
2023-07-23T04:39:15.522Z,XBTUSD,Buy,100,29862.0,ZeroPlusTick,90e8b2f7-3f2e-5935-90ed-3b7db3a94bab,334874,0.00334874,100.0,Regular
2023-07-23T04:39:15.604Z,XBTUSD,Buy,100,29863.0,PlusTick,2a0e2e1d-280e-a147-6460-7f01237b7f35,334863,0.00334863,100.0,Regular
2023-07-23T04:39:15.604Z,XBTUSD,Buy,100,29863.0,ZeroPlusTick,6927ef61-a228-34b9-7309-926d19715b79,334863,0.00334863,100.0,Regular
2023-07-23T04:39:15.604Z,XBTUSD,Buy,100,29863.0,ZeroPlusTick,68302234-90af-67c6-4b4a-a76da8e96a59,334863,0.00334863,100.0,Regular
2023-07-23T04:39:17.741Z,XBTUSD,Buy,100,29864.0,PlusTick,edc2ceb2-cef9-6948-e999-ee276c137769,334851,0.00334851,100.0,Regular
2023-07-23T04:39:17.741Z,XBTUSD,Buy,200,29864.0,ZeroPlusTick,06c45548-35eb-5bb6-6634-20247a84fe37,669702,0.00669702,200.0,Regular
2023-07-23T04:39:19.105Z,XBTUSD,Buy,300,29864.0,ZeroPlusTick,53905614-d2e7-bb46-4305-2c3e9c36f267,1004553,0.01004553,300.0,Regular
2023-07-23T04:39:20.693Z,XBTUSD,Buy,300,29864.0,ZeroPlusTick,dfacf06f-ed0c-0658-8b07-9bb9fd603a82,1004553,0.01004553,300.0,Regular
2023-07-23T04:39:20.694Z,XBTUSD,Buy,3700,29864.0,ZeroPlusTick,96efd778-f9ee-7195-9d05-831fb3f008f1,12389487,0.12389487,3700.0,Regular
2023-07-23T04:39:21.117Z,XBTUSD,Buy,100,29865.0,PlusTick,7ebc79cc-3360-a762-b535-d7d9fc60d580,334840,0.0033484,100.0,Regular
2023-07-23T04:39:22.041Z,XBTUSD,Buy,300,29866.0,PlusTick,bf5248b5-d638-3ce2-9a5d-def0bc6bac2a,1004487,0.01004487,300.0,Regular
2023-07-23T04:39:31.010Z,XBTUSD,Buy,100,29866.0,ZeroPlusTick,42422d6d-c3ef-fe1a-2251-c42f7ae89ee6,334829,0.00334829,100.0,Regular
2023-07-23T04:39:31.017Z,XBTUSD,Buy,7600,29866.0,ZeroPlusTick,a07fed77-94a8-c89b-4d49-aea85d243e67,25447004,0.25447004,7600.0,Regular
2023-07-23T04:39:31.017Z,XBTUSD,Buy,1100,29866.0,ZeroPlusTick,32df9597-9c75-5a36-0da6-6c405d92f54a,3683119,0.03683119,1100.0,Regular
2023-07-23T04:39:31.056Z,XBTUSD,Buy,100,29867.0,PlusTick,30850fa2-8fde-d95f-44cb-6cbb605a5dd5,334818,0.00334818,100.0,Regular
2023-07-23T04:39:33.621Z,XBTUSD,Sell,200,29868.5,PlusTick,5b478838-7f6e-8ffc-4955-8a2629bb12fd,669602,0.00669602,200.0,Regular
2023-07-23T04:39:34.652Z,XBTUSD,Sell,100,29868.5,ZeroPlusTick,d2223aa4-a37c-1760-808e-13b63baaff93,334801,0.00334801,100.0,Regular
2023-07-23T04:39:35.682Z,XBTUSD,Sell,700,29868.5,ZeroPlusTick,009d3979-9651-1352-ffad-2d9e1830c15e,2343607,0.02343607,700.0,Regular
2023-07-23T04:39:36.178Z,XBTUSD,Buy,1000,29869.0,PlusTick,9903b695-6bfc-1230-6c24-d62b142fe475,3347950,0.0334795,1000.0,Regular
2023-07-23T04:41:27.706Z,XBTUSD,Sell,23800,29868.5,MinusTick,35bf9ed6-7e46-a26e-e4af-83f99c622345,79682638,0.79682638,23800.0,Regular
2023-07-23T04:41:27.706Z,XBTUSD,Sell,29900,29868.5,ZeroMinusTick,0fa91b98-c509-13ba-ff19-98575fdc4fd6,100105499,1.00105499,29900.0,Regular
2023-07-23T04:41:27.706Z,XBTUSD,Sell,30000,29868.5,ZeroMinusTick,d3ded087-7690-342d-13a6-f1169d3f5912,100440300,1.004403,30000.0,Regular
2023-07-23T04:41:27.706Z,XBTUSD,Sell,1400,29868.5,ZeroMinusTick,adfc72a3-8855-1b34-e62f-46eb5ef31afd,4687214,0.04687214,1400.0,Regular
2023-07-23T04:41:27.706Z,XBTUSD,Sell,1300,29868.5,ZeroMinusTick,87ce61f4-07b7-8f5a-e954-821e157168d6,4352413,0.04352413,1300.0,Regular
2023-07-23T04:41:27.706Z,XBTUSD,Sell,300,29868.5,ZeroMinusTick,e22bdd81-afa1-970c-bd6c-316378d53346,1004403,0.01004403,300.0,Regular
2023-07-23T04:41:27.706Z,XBTUSD,Sell,6000,29868.5,ZeroMinusTick,5da3dfb2-b1b5-10f5-2e5a-76e847f4a342,20088060,0.2008806,6000.0,Regular
2023-07-23T04:41:27.711Z,XBTUSD,Sell,1100,29868.5,ZeroMinusTick,43042174-21cd-ff58-7b21-1932c75075ce,3682811,0.03682811,1100.0,Regular
2023-07-23T04:41:27.711Z,XBTUSD,Sell,3300,29868.5,ZeroMinusTick,62b13f9a-cf50-4d28-680b-982eb21614b3,11048433,0.11048433,3300.0,Regular
2023-07-23T04:41:27.711Z,XBTUSD,Sell,32400,29868.5,ZeroMinusTick,c2c67ccd-db2e-e06c-07bd-ca1b0e094543,108475524,1.08475524,32400.0,Regular
2023-07-23T04:41:27.711Z,XBTUSD,Sell,26600,29868.5,ZeroMinusTick,4bdcfa76-ec5b-7c92-417e-f9178f53c337,89057066,0.89057066,26600.0,Regular
2023-07-23T04:41:27.711Z,XBTUSD,Sell,100,29868.5,ZeroMinusTick,5d59819c-0372-5de0-7b8b-6daec0574559,334801,0.00334801,100.0,Regular
2023-07-23T04:41:27.711Z,XBTUSD,Sell,200,29868.5,ZeroMinusTick,4f12b2cf-ca6a-5d82-27a0-4e3d84d3884e,669602,0.00669602,200.0,Regular
2023-07-23T04:41:27.711Z,XBTUSD,Sell,200,29868.5,ZeroMinusTick,3c5d5dd8-d8c4-713a-1bad-660280b0ce7c,669602,0.00669602,200.0,Regular
2023-07-23T04:41:27.711Z,XBTUSD,Sell,4000,29868.5,ZeroMinusTick,8b57d811-ea8d-ff17-2b6d-a8516a06710b,13392040,0.1339204,4000.0,Regular
2023-07-23T04:41:27.711Z,XBTUSD,Sell,1000,29868.5,ZeroMinusTick,1c1b696f-8322-85c8-62a2-654d1a948aff,3348010,0.0334801,1000.0,Regular
2023-07-23T04:41:27.711Z,XBTUSD,Sell,1800,29868.5,ZeroMinusTick,b990429b-7df8-385e-cffc-8d7cefdefb9a,6026418,0.06026418,1800.0,Regular
2023-07-23T04:41:27.711Z,XBTUSD,Sell,100,29868.5,ZeroMinusTick,1f4a3507-ebe0-2a1c-cb9f-4b3136afa677,334801,0.00334801,100.0,Regular
2023-07-23T04:41:27.711Z,XBTUSD,Sell,500,29868.5,ZeroMinusTick,c3b0e48e-0fbf-021f-3cff-6d28395f33f6,1674005,0.01674005,500.0,Regular
2023-07-23T04:41:27.711Z,XBTUSD,Sell,700,29868.5,ZeroMinusTick,ea9db8c1-476f-597f-8f5b-c8b840d5de91,2343607,0.02343607,700.0,Regular
2023-07-23T04:41:27.711Z,XBTUSD,Sell,300,29868.5,ZeroMinusTick,253d4a1c-2274-a38c-6ba7-d06e55b3a5c2,1004403,0.01004403,300.0,Regular
2023-07-23T04:41:27.711Z,XBTUSD,Sell,600,29868.5,ZeroMinusTick,8b762fe4-b13e-1375-df1d-8335e860c6e4,2008806,0.02008806,600.0,Regular
2023-07-23T04:41:27.711Z,XBTUSD,Sell,100,29868.5,ZeroMinusTick,b4c06553-dd8a-7a85-fd07-158e34d3e861,334801,0.00334801,100.0,Regular
2023-07-23T04:41:27.711Z,XBTUSD,Sell,17500,29868.5,ZeroMinusTick,713a4ef8-5263-38ef-ad85-092a572fa3d4,58590175,0.58590175,17500.0,Regular
2023-07-23T04:41:27.711Z,XBTUSD,Sell,2900,29868.5,ZeroMinusTick,e7b991fe-304f-6b71-0f12-7d4470d440a7,9709229,0.09709229,2900.0,Regular
2023-07-23T04:41:27.711Z,XBTUSD,Sell,800,29868.5,ZeroMinusTick,f507e2bf-e9b4-0a32-ff40-5892603b52a2,2678408,0.02678408,800.0,Regular
2023-07-23T04:41:27.711Z,XBTUSD,Sell,200,29868.5,ZeroMinusTick,dadf2f06-6ea0-d854-db73-1550804279d8,669602,0.00669602,200.0,Regular
2023-07-23T04:41:27.738Z,XBTUSD,Sell,100,29867.5,MinusTick,12b28a65-41a5-3da2-389b-4c14e3feb16e,334812,0.00334812,100.0,Regular
2023-07-23T04:41:27.738Z,XBTUSD,Sell,100,29867.5,ZeroMinusTick,91e30c02-5109-5dd5-d14d-4cd4df79874b,334812,0.00334812,100.0,Regular
2023-07-23T04:41:27.738Z,XBTUSD,Sell,100,29867.5,ZeroMinusTick,0f252162-29d0-24fa-fd4c-1e103c766909,334812,0.00334812,100.0,Regular
2023-07-23T04:41:27.738Z,XBTUSD,Sell,100,29867.5,ZeroMinusTick,e56f29f5-09b6-1fa3-8b77-02e26f8fd62e,334812,0.00334812,100.0,Regular
2023-07-23T04:41:27.738Z,XBTUSD,Sell,100,29867.5,ZeroMinusTick,854d4415-f5be-5013-dabf-cff792c4cb1e,334812,0.00334812,100.0,Regular
2023-07-23T04:41:27.738Z,XBTUSD,Sell,19000,29867.5,ZeroMinusTick,518e0d5d-4dd5-b48b-26dd-51c175ba0729,63614280,0.6361428,19000.0,Regular
2023-07-23T04:41:27.744Z,XBTUSD,Sell,7900,29867.5,ZeroMinusTick,a06ba5f1-1a75-ba2b-afd1-9a17d980d566,26450148,0.26450148,7900.0,Regular
2023-07-23T04:41:27.744Z,XBTUSD,Sell,100,29867.5,ZeroMinusTick,67d3ad0a-935d-f7ea-00aa-5455b339ffc3,334812,0.00334812,100.0,Regular
2023-07-23T04:41:27.744Z,XBTUSD,Sell,32800,29867.5,ZeroMinusTick,a128b903-29c8-7105-f8cd-73cd79643cf7,109818336,1.09818336,32800.0,Regular
2023-07-23T04:41:27.750Z,XBTUSD,Sell,12500,29867.5,ZeroMinusTick,882f75b8-400d-7a79-0eb1-17db032cf510,41851500,0.418515,12500.0,Regular
2023-07-23T04:41:27.750Z,XBTUSD,Sell,100,29867.5,ZeroMinusTick,91c31440-66cf-c591-96e9-f2bdd63b7c5a,334812,0.00334812,100.0,Regular
2023-07-23T04:41:27.807Z,XBTUSD,Sell,50100,29867.0,MinusTick,0152d1c2-0f25-cfcf-36c5-cc190d6fe6c9,167743818,1.67743818,50100.0,Regular
2023-07-23T04:41:54.909Z,XBTUSD,Sell,300,29866.0,MinusTick,d432d5d0-5afa-888e-15e6-956b52e98440,1004487,0.01004487,300.0,Regular
2023-07-23T04:41:54.909Z,XBTUSD,Sell,500,29866.0,ZeroMinusTick,d194d4f2-65e7-58fd-6f16-12f23e9c4bf8,1674145,0.01674145,500.0,Regular
2023-07-23T04:41:54.909Z,XBTUSD,Sell,7100,29866.0,ZeroMinusTick,89cd508f-b9db-e053-4378-b8b74923c809,23772859,0.23772859,7100.0,Regular
2023-07-23T04:41:54.909Z,XBTUSD,Sell,2000,29866.0,ZeroMinusTick,d81dabea-316d-a775-828d-dfb59de2d54a,6696580,0.0669658,2000.0,Regular
2023-07-23T04:41:54.909Z,XBTUSD,Sell,1000,29866.0,ZeroMinusTick,ede5f5e7-4de6-b31d-3645-446121a4a535,3348290,0.0334829,1000.0,Regular
2023-07-23T04:41:54.909Z,XBTUSD,Sell,4900,29866.0,ZeroMinusTick,52638b07-b4a2-4666-872b-f756e0b000d5,16406621,0.16406621,4900.0,Regular
2023-07-23T04:42:03.206Z,XBTUSD,Sell,3000,29866.0,ZeroMinusTick,76074e15-5aae-b821-2c1a-7d60a3654af6,10044870,0.1004487,3000.0,Regular
2023-07-23T04:43:01.921Z,XBTUSD,Sell,4500,29866.0,ZeroMinusTick,bd9dc8aa-e235-b1a3-f3cd-ef13bcdc5ef9,15067305,0.15067305,4500.0,Regular
2023-07-23T04:43:01.921Z,XBTUSD,Sell,200,29866.0,ZeroMinusTick,509bcc32-a0a5-5722-a8ac-5722fd110e19,669658,0.00669658,200.0,Regular
2023-07-23T04:43:01.921Z,XBTUSD,Sell,100,29866.0,ZeroMinusTick,7cfc1d3a-b0d3-0734-588c-a767a425d890,334829,0.00334829,100.0,Regular
2023-07-23T04:43:01.921Z,XBTUSD,Sell,700,29866.0,ZeroMinusTick,ccc11023-1662-45b3-1ae0-146b103f5490,2343803,0.02343803,700.0,Regular
2023-07-23T04:43:01.921Z,XBTUSD,Sell,1200,29866.0,ZeroMinusTick,8d52dbae-626b-3d39-4c71-a82c3e4d32f1,4017948,0.04017948,1200.0,Regular
2023-07-23T04:43:01.921Z,XBTUSD,Sell,100,29866.0,ZeroMinusTick,7e36b226-9790-1187-2788-cd0be65d4673,334829,0.00334829,100.0,Regular
2023-07-23T04:43:07.884Z,XBTUSD,Sell,1000,29865.0,MinusTick,9a94d0d2-7fc9-c2d7-80da-7d15577ffb99,3348400,0.033484,1000.0,Regular
2023-07-23T04:43:23.783Z,XBTUSD,Sell,22500,29865.0,ZeroMinusTick,ea27328b-a6a9-e186-d672-ce3078959430,75339000,0.75339,22500.0,Regular
2023-07-23T04:43:23.796Z,XBTUSD,Sell,27500,29865.0,ZeroMinusTick,5b060820-6aef-7a06-dece-1c5a219b23b9,92081000,0.92081,27500.0,Regular
2023-07-23T04:43:23.796Z,XBTUSD,Sell,9000,29865.0,ZeroMinusTick,21b92fd2-eb0a-b60d-49de-3776cf6f4b74,30135600,0.301356,9000.0,Regular
2023-07-23T04:43:46.825Z,XBTUSD,Sell,20900,29865.0,ZeroMinusTick,da698d07-7cb2-4bbb-d2cb-0506a54eb4b1,69981560,0.6998156,20900.0,Regular
2023-07-23T04:43:46.825Z,XBTUSD,Sell,1400,29865.0,ZeroMinusTick,8be93926-0913-9f21-f5a8-c74fcacf96bb,4687760,0.0468776,1400.0,Regular
2023-07-23T04:43:46.825Z,XBTUSD,Sell,200,29865.0,ZeroMinusTick,8759867d-421d-c745-3749-6ed539f37a91,669680,0.0066968,200.0,Regular
2023-07-23T04:43:46.825Z,XBTUSD,Sell,100,29865.0,ZeroMinusTick,ebab6fc3-3d3e-97ea-4850-2d9698d7ca6c,334840,0.0033484,100.0,Regular
2023-07-23T04:43:46.825Z,XBTUSD,Sell,100,29865.0,ZeroMinusTick,8c059193-f73e-d753-b638-6da62b8e00c2,334840,0.0033484,100.0,Regular
2023-07-23T04:43:47.323Z,XBTUSD,Sell,100,29864.0,MinusTick,12e35b99-c925-7f97-2e03-99e9c19c3635,334851,0.00334851,100.0,Regular
2023-07-23T04:43:47.323Z,XBTUSD,Sell,100,29864.0,ZeroMinusTick,2fc3ecb6-bd03-d0e4-ac0e-7f40c79e2a65,334851,0.00334851,100.0,Regular
2023-07-23T04:43:47.323Z,XBTUSD,Sell,29900,29864.0,ZeroMinusTick,370c9c42-cc06-0d4b-1beb-e83d4ddc7e0e,100120449,1.00120449,29900.0,Regular
2023-07-23T04:43:47.357Z,XBTUSD,Sell,100,29863.5,MinusTick,56ba76a2-59fe-9d0c-fd04-0ad8ec023743,334857,0.00334857,100.0,Regular
2023-07-23T04:44:59.282Z,XBTUSD,Sell,100,29862.0,MinusTick,09656c13-312c-3521-1051-b27923c1bd1c,334874,0.00334874,100.0,Regular
2023-07-23T04:44:59.282Z,XBTUSD,Sell,300,29862.0,ZeroMinusTick,33032b5e-fc26-d9df-a117-1f150573fd97,1004622,0.01004622,300.0,Regular
2023-07-23T04:44:59.282Z,XBTUSD,Sell,7300,29862.0,ZeroMinusTick,0d56afb2-a791-830f-d245-8771a1651f89,24445802,0.24445802,7300.0,Regular
2023-07-23T04:45:07.348Z,XBTUSD,Sell,100,29862.0,ZeroMinusTick,c97825ef-c5d1-f361-bc8c-92635d9c232e,334874,0.00334874,100.0,Regular
2023-07-23T04:45:07.348Z,XBTUSD,Sell,100,29862.0,ZeroMinusTick,b77186d4-22be-fca4-dbd5-3ee3a8ea7f71,334874,0.00334874,100.0,Regular
2023-07-23T04:45:07.348Z,XBTUSD,Sell,1300,29862.0,ZeroMinusTick,3c7f477d-336b-2592-e294-d8071170090a,4353362,0.04353362,1300.0,Regular
2023-07-23T04:45:07.348Z,XBTUSD,Sell,24300,29862.0,ZeroMinusTick,34d41e32-07a7-f773-7856-949c60031eba,81374382,0.81374382,24300.0,Regular
2023-07-23T04:45:56.976Z,XBTUSD,Sell,300,29861.5,MinusTick,e416397c-f080-351c-49f1-d0a7398039e4,1004637,0.01004637,300.0,Regular
2023-07-23T04:45:56.976Z,XBTUSD,Sell,500,29861.5,ZeroMinusTick,15ea0a0a-c707-d83e-7b18-424c934a858a,1674395,0.01674395,500.0,Regular
2023-07-23T04:45:56.976Z,XBTUSD,Sell,100,29861.5,ZeroMinusTick,a98691cb-4b5f-9c5c-6c6e-d12eec23f7f7,334879,0.00334879,100.0,Regular
2023-07-23T04:45:56.976Z,XBTUSD,Sell,800,29861.5,ZeroMinusTick,14e0b7be-1d88-efb4-9bb4-9c11d2f70d5f,2679032,0.02679032,800.0,Regular
2023-07-23T04:48:07.113Z,XBTUSD,Buy,200,29861.5,ZeroMinusTick,1cf1d63b-e102-94fb-89ae-74919a017e76,669758,0.00669758,200.0,Regular
2023-07-23T04:48:07.113Z,XBTUSD,Buy,27800,29861.5,ZeroMinusTick,10ccbbcb-7025-8a02-0c8b-871d08c6ce0d,93096362,0.93096362,27800.0,Regular
2023-07-23T04:48:07.113Z,XBTUSD,Buy,200,29861.5,ZeroMinusTick,b038269a-640d-5fa1-d296-ebf64d916ad1,669758,0.00669758,200.0,Regular
2023-07-23T04:48:07.113Z,XBTUSD,Buy,500,29861.5,ZeroMinusTick,7c9fc30f-a8e6-1d9d-4d30-c9c96a65112c,1674395,0.01674395,500.0,Regular
2023-07-23T04:48:07.113Z,XBTUSD,Buy,600,29861.5,ZeroMinusTick,64bacd14-1ab3-f1f0-5147-946e81a09e22,2009274,0.02009274,600.0,Regular
2023-07-23T04:48:07.113Z,XBTUSD,Buy,100,29861.5,ZeroMinusTick,e6812f51-f5a7-cecf-3d9e-4949314f2a94,334879,0.00334879,100.0,Regular
2023-07-23T04:48:07.113Z,XBTUSD,Buy,100,29861.5,ZeroMinusTick,c650918e-a077-0d5d-2f38-c1ca8b89a6ed,334879,0.00334879,100.0,Regular
2023-07-23T04:48:07.113Z,XBTUSD,Buy,100,29861.5,ZeroMinusTick,de0c754b-27df-0c49-b869-7de0ca96798c,334879,0.00334879,100.0,Regular
2023-07-23T04:48:07.113Z,XBTUSD,Buy,100,29861.5,ZeroMinusTick,2978432c-3aec-b926-20cf-d90ae1bad998,334879,0.00334879,100.0,Regular
2023-07-23T04:48:07.113Z,XBTUSD,Buy,500,29861.5,ZeroMinusTick,33251fc7-44c5-ef71-7747-5a9b5e152f98,1674395,0.01674395,500.0,Regular
2023-07-23T04:48:07.123Z,XBTUSD,Buy,7000,29861.5,ZeroMinusTick,9991db98-ef91-e352-ad1c-5505256c9f2e,23441530,0.2344153,7000.0,Regular
2023-07-23T04:48:07.123Z,XBTUSD,Buy,200,29861.5,ZeroMinusTick,70f13992-b330-ad23-406c-7144606179b6,669758,0.00669758,200.0,Regular
2023-07-23T04:48:07.123Z,XBTUSD,Buy,200,29861.5,ZeroMinusTick,bbcb3c0e-2ee7-8bfd-540a-0a36bf712059,669758,0.00669758,200.0,Regular
2023-07-23T04:48:07.123Z,XBTUSD,Buy,7300,29861.5,ZeroMinusTick,86c89cac-1d6d-42be-233e-708ae81a4333,24446167,0.24446167,7300.0,Regular
2023-07-23T04:48:07.125Z,XBTUSD,Buy,29800,29862.5,PlusTick,46328a89-61f5-4e15-1e42-94eac520b882,99790664,0.99790664,29800.0,Regular
2023-07-23T04:48:07.125Z,XBTUSD,Buy,100,29862.5,ZeroPlusTick,b92dcba1-d0e8-00d6-8ead-442151509c5d,334868,0.00334868,100.0,Regular
2023-07-23T04:48:07.125Z,XBTUSD,Buy,100,29862.5,ZeroPlusTick,fb6ec037-7f66-8e12-2be0-b19b96eb1076,334868,0.00334868,100.0,Regular
2023-07-23T04:48:07.125Z,XBTUSD,Buy,100,29862.5,ZeroPlusTick,71e063c4-044a-347f-e576-1cdbe4d93de6,334868,0.00334868,100.0,Regular
2023-07-23T04:48:07.125Z,XBTUSD,Buy,100,29862.5,ZeroPlusTick,e78f9e3a-085e-af6c-06ba-d824b3dfe7d9,334868,0.00334868,100.0,Regular
2023-07-23T04:48:07.125Z,XBTUSD,Buy,100,29864.5,PlusTick,070d8764-a139-4aa6-e40b-0f0d141ff528,334846,0.00334846,100.0,Regular
2023-07-23T04:48:07.125Z,XBTUSD,Buy,14100,29864.5,ZeroPlusTick,8431dba3-c999-ed7b-6912-a3800da1c3b8,47213286,0.47213286,14100.0,Regular
2023-07-23T04:48:28.330Z,XBTUSD,Buy,4100,29865.5,PlusTick,b1506970-b8b0-322e-a99f-eb51594b72e3,13728235,0.13728235,4100.0,Regular
2023-07-23T04:48:28.330Z,XBTUSD,Buy,6700,29865.5,ZeroPlusTick,aa0df797-d2d5-9cc4-6041-b5b9bae8256a,22433945,0.22433945,6700.0,Regular
2023-07-23T04:48:28.330Z,XBTUSD,Buy,8400,29865.5,ZeroPlusTick,14a8efc1-2b3e-e736-9a5d-25e2336d25b0,28126140,0.2812614,8400.0,Regular
2023-07-23T04:48:28.330Z,XBTUSD,Buy,11600,29865.5,ZeroPlusTick,a52bbe8e-8edf-4bcf-5cbc-488626427708,38840860,0.3884086,11600.0,Regular
2023-07-23T04:48:28.330Z,XBTUSD,Buy,17100,29865.5,ZeroPlusTick,9c438fb4-ebda-6d83-01be-8f9d70e2ca59,57256785,0.57256785,17100.0,Regular
2023-07-23T04:48:28.370Z,XBTUSD,Buy,100,29866.5,PlusTick,c59ea8fa-1786-a86d-cb5c-4d0744a6718c,334823,0.00334823,100.0,Regular
2023-07-23T04:48:28.370Z,XBTUSD,Buy,100,29866.5,ZeroPlusTick,bca6772e-6ab0-084e-eb4a-7e9be4dbb2d2,334823,0.00334823,100.0,Regular
2023-07-23T04:48:32.998Z,XBTUSD,Sell,29900,29869.5,PlusTick,cda0f263-4452-4c5b-6a79-8d6ab8035537,100102210,1.0010221,29900.0,Regular
2023-07-23T04:48:32.998Z,XBTUSD,Sell,100,29869.5,ZeroPlusTick,d99af8bd-d5ba-ee89-17cb-c7dd80f46d34,334790,0.0033479,100.0,Regular
2023-07-23T04:49:16.426Z,XBTUSD,Buy,100,29867.0,MinusTick,5420e5ea-d428-fa8a-21c3-0b25860be9af,334818,0.00334818,100.0,Regular
2023-07-23T04:49:16.426Z,XBTUSD,Buy,8700,29867.0,ZeroMinusTick,7873764b-aae8-a1b6-d650-9aa2c7062fb8,29129166,0.29129166,8700.0,Regular
2023-07-23T04:49:16.426Z,XBTUSD,Buy,1700,29867.0,ZeroMinusTick,649e0057-1cd9-e616-40ac-6af5a18f6455,5691906,0.05691906,1700.0,Regular
2023-07-23T04:49:16.433Z,XBTUSD,Buy,100,29868.0,PlusTick,dac1f495-6f56-b71f-ee91-a6461dc6fa6b,334806,0.00334806,100.0,Regular
2023-07-23T04:49:16.433Z,XBTUSD,Buy,100,29868.0,ZeroPlusTick,24ff6411-a9c9-ed9e-e380-048953904acc,334806,0.00334806,100.0,Regular
2023-07-23T04:49:16.433Z,XBTUSD,Buy,100,29869.0,PlusTick,56efa4b7-8376-8105-ac1c-81394d1e0429,334795,0.00334795,100.0,Regular
2023-07-23T04:49:16.433Z,XBTUSD,Buy,100,29869.0,ZeroPlusTick,f08d1433-5203-574a-9c9c-7f8aa9990668,334795,0.00334795,100.0,Regular
2023-07-23T04:49:16.444Z,XBTUSD,Buy,1200,29870.0,PlusTick,d6e99c2d-eebe-a1c1-99fe-c314409a35a1,4017408,0.04017408,1200.0,Regular
2023-07-23T04:49:16.444Z,XBTUSD,Buy,37500,29870.0,ZeroPlusTick,edf973fa-6d12-1ac4-b5d4-f19b9ffb78f4,125544000,1.25544,37500.0,Regular
2023-07-23T04:49:16.452Z,XBTUSD,Buy,100,29870.5,PlusTick,f141f0f2-62af-fa1b-bcac-95a2eb92e58e,334778,0.00334778,100.0,Regular
2023-07-23T04:49:20.998Z,XBTUSD,Buy,20000,29874.0,PlusTick,807964d9-3908-7fb3-2f49-b889f2bab961,66947800,0.669478,20000.0,Regular
2023-07-23T04:49:31.125Z,XBTUSD,Buy,300,29874.0,ZeroPlusTick,39efa05c-4b62-2e53-247b-1e323f6e3a9d,1004217,0.01004217,300.0,Regular
2023-07-23T04:49:33.678Z,XBTUSD,Buy,300,29874.0,ZeroPlusTick,87723649-56c1-02f3-540e-1ef55aa762f2,1004217,0.01004217,300.0,Regular
2023-07-23T04:49:35.040Z,XBTUSD,Buy,300,29874.0,ZeroPlusTick,c5df7d74-cfcf-2c7f-25c8-c22aa3e24ff1,1004217,0.01004217,300.0,Regular
2023-07-23T04:49:42.012Z,XBTUSD,Buy,30300,29874.0,ZeroPlusTick,6994de89-483e-079e-434f-a40e0b28699a,101425917,1.01425917,30300.0,Regular
2023-07-23T04:49:42.036Z,XBTUSD,Buy,2200,29874.0,ZeroPlusTick,9a6dcb63-9473-0665-5ab4-c107de1726f7,7364258,0.07364258,2200.0,Regular
2023-07-23T04:49:42.036Z,XBTUSD,Buy,400,29874.0,ZeroPlusTick,e95af5c2-5e25-e751-587a-b9f5c3551407,1338956,0.01338956,400.0,Regular
2023-07-23T04:49:42.036Z,XBTUSD,Buy,200,29874.0,ZeroPlusTick,8a40d1b1-aefe-b782-193c-5df1c3e3e198,669478,0.00669478,200.0,Regular
2023-07-23T04:49:42.036Z,XBTUSD,Buy,100,29876.0,PlusTick,718f70cc-def7-2d30-c550-c885a45f357a,334717,0.00334717,100.0,Regular
2023-07-23T04:49:42.036Z,XBTUSD,Buy,100,29876.0,ZeroPlusTick,6fd1343b-f4e6-44cd-c51d-4992ff6abb83,334717,0.00334717,100.0,Regular
2023-07-23T04:49:42.036Z,XBTUSD,Buy,37500,29877.0,PlusTick,dd31388a-7320-477b-a2a3-17ce8977f9bc,125514750,1.2551475,37500.0,Regular
2023-07-23T04:49:44.975Z,XBTUSD,Sell,300,29878.5,PlusTick,804cbb91-5010-5f54-030e-2c5d6b37a426,1004067,0.01004067,300.0,Regular
2023-07-23T04:49:45.846Z,XBTUSD,Buy,100,29879.0,PlusTick,e2bb88a2-0085-2b99-9ac3-525ea7600926,334683,0.00334683,100.0,Regular
2023-07-23T04:49:45.846Z,XBTUSD,Buy,100,29879.0,ZeroPlusTick,e913e6de-5c09-cae1-381a-96b91284e4fd,334683,0.00334683,100.0,Regular
2023-07-23T04:49:46.007Z,XBTUSD,Sell,200,29879.5,PlusTick,b0822893-4c29-3169-a5d3-1c08e74cd34e,669356,0.00669356,200.0,Regular
2023-07-23T04:49:47.039Z,XBTUSD,Sell,100,29879.5,ZeroPlusTick,795e1f46-36c3-e490-d2de-12d53d431dd6,334678,0.00334678,100.0,Regular
2023-07-23T04:49:49.855Z,XBTUSD,Buy,100,29880.0,PlusTick,243b8d0c-2d5a-73f5-4e8c-3f6324454caf,334672,0.00334672,100.0,Regular
2023-07-23T04:49:49.855Z,XBTUSD,Buy,100,29880.0,ZeroPlusTick,c99928de-cd17-4a01-4da8-aca499ac464b,334672,0.00334672,100.0,Regular
2023-07-23T04:49:49.855Z,XBTUSD,Buy,100,29880.0,ZeroPlusTick,09f49a9c-37e8-a005-36de-f7a6a7747b6e,334672,0.00334672,100.0,Regular
2023-07-23T04:49:51.209Z,XBTUSD,Buy,300,29880.0,ZeroPlusTick,65f77ea5-d62f-5045-d3ba-2bcb1321bcab,1004016,0.01004016,300.0,Regular
2023-07-23T04:49:59.653Z,XBTUSD,Buy,300,29880.0,ZeroPlusTick,599cedc2-3f6c-2aa2-a138-2f910bd6c157,1004016,0.01004016,300.0,Regular
2023-07-23T04:50:06.062Z,XBTUSD,Buy,300,29880.0,ZeroPlusTick,92b8675e-19bc-1f26-81d0-f847f9a1391a,1004016,0.01004016,300.0,Regular
2023-07-23T04:50:07.430Z,XBTUSD,Buy,300,29880.0,ZeroPlusTick,8085f5e7-a6c5-ad5b-8a4c-ce6c69dd35b4,1004016,0.01004016,300.0,Regular
2023-07-23T04:50:08.699Z,XBTUSD,Buy,10000,29880.0,ZeroPlusTick,14bb2381-80ef-70b4-610b-c84a1856d191,33467200,0.334672,10000.0,Regular
2023-07-23T04:50:14.433Z,XBTUSD,Buy,300,29880.0,ZeroPlusTick,3810a7ac-4e89-3c15-d440-01d7f65f63cb,1004016,0.01004016,300.0,Regular
2023-07-23T04:50:42.828Z,XBTUSD,Buy,300,29880.0,ZeroPlusTick,0eceb0a3-ea6b-5059-b8ed-26fe23b7f7cf,1004016,0.01004016,300.0,Regular
2023-07-23T04:50:44.398Z,XBTUSD,Buy,300,29880.0,ZeroPlusTick,03b8a1e8-1a5f-8335-aa06-f5253fabad7f,1004016,0.01004016,300.0,Regular
2023-07-23T04:50:47.946Z,XBTUSD,Buy,2900,29880.0,ZeroPlusTick,884dc45b-b882-35ee-cb3e-80b75745dfc9,9705488,0.09705488,2900.0,Regular
2023-07-23T04:50:47.946Z,XBTUSD,Buy,400,29880.0,ZeroPlusTick,6f86faa3-bb6f-6a53-5c31-fa3270b398b7,1338688,0.01338688,400.0,Regular
2023-07-23T04:50:47.946Z,XBTUSD,Buy,100,29880.0,ZeroPlusTick,8ec019ea-a831-d17b-63a9-c7dc930e77c3,334672,0.00334672,100.0,Regular
2023-07-23T04:50:47.946Z,XBTUSD,Buy,700,29880.0,ZeroPlusTick,76ee5998-e0cc-c4fa-7e87-5470a503e9df,2342704,0.02342704,700.0,Regular
2023-07-23T04:50:47.946Z,XBTUSD,Buy,200,29882.5,PlusTick,c766ee25-3089-edec-3a1b-9a92ce83d046,669288,0.00669288,200.0,Regular
2023-07-23T04:50:47.946Z,XBTUSD,Buy,100,29883.0,PlusTick,da8b035e-5374-2d67-5932-7dd6c3317883,334638,0.00334638,100.0,Regular
2023-07-23T04:50:47.946Z,XBTUSD,Buy,100,29883.0,ZeroPlusTick,c4ec36e5-eaa2-4fad-2726-b306efc22fd1,334638,0.00334638,100.0,Regular
2023-07-23T04:50:47.946Z,XBTUSD,Buy,100,29883.0,ZeroPlusTick,2a4f0e40-aa6e-be9b-de26-10e5c5f76a4b,334638,0.00334638,100.0,Regular
2023-07-23T04:50:47.946Z,XBTUSD,Buy,28300,29883.0,ZeroPlusTick,3c56b10f-cd9e-242a-bfc5-9e914d3193b1,94702554,0.94702554,28300.0,Regular
2023-07-23T04:50:48.479Z,XBTUSD,Buy,300,29882.5,MinusTick,fa971a58-4f03-514a-6ecc-ec3c48f7b8e6,1003932,0.01003932,300.0,Regular
2023-07-23T04:50:48.963Z,XBTUSD,Buy,300,29882.5,ZeroMinusTick,31c123f2-26db-7c33-ef14-7366e12036d2,1003932,0.01003932,300.0,Regular
2023-07-23T04:50:48.963Z,XBTUSD,Buy,73000,29883.5,PlusTick,10d2f0d1-070e-0492-e285-119a7aa65713,244282090,2.4428209,73000.0,Regular
