timestamp,symbol,side,size,price,tickDirection,trdMatchID,grossValue,homeNotional,foreignNotional,trdType
2023-07-26T04:00:03.138Z,XBTUSD,Sell,2800,29223.0,MinusTick,1074f789-d1d5-1aa0-3017-7d98ba999535,9581488,0.09581488,2800.0,Regular
2023-07-26T04:00:13.968Z,XBTUSD,Sell,200,29223.0,ZeroMinusTick,f85e53ff-ba80-3cee-3530-a306ebb13fef,684392,0.00684392,200.0,Regular
2023-07-26T04:00:44.493Z,XBTUSD,Sell,200,29223.0,ZeroMinusTick,d60844bf-2351-08f8-5def-2ca75851f6dc,684392,0.00684392,200.0,Regular
2023-07-26T04:00:57.614Z,XBTUSD,Sell,100,29223.0,ZeroMinusTick,c4096f65-11cf-ab44-fe5d-5b933f0c0fc7,342196,0.00342196,100.0,Regular
2023-07-26T04:00:57.614Z,XBTUSD,Sell,9900,29223.0,ZeroMinusTick,81274668-ada1-0095-e9de-d257378b2f79,33877404,0.33877404,9900.0,Regular
2023-07-26T04:00:58.663Z,XBTUSD,Sell,137600,29223.0,ZeroMinusTick,85023f1a-e14b-db84-013d-a1bc276bfa38,470861696,4.70861696,137600.0,Regular
2023-07-26T04:00:58.663Z,XBTUSD,Sell,900,29223.0,ZeroMinusTick,f136f268-be2e-664b-779e-0988061c3906,3079764,0.03079764,900.0,Regular
2023-07-26T04:00:58.663Z,XBTUSD,Sell,1900,29223.0,ZeroMinusTick,66911eea-925b-d0e9-8fb1-606ad6af4525,6501724,0.06501724,1900.0,Regular
2023-07-26T04:00:58.663Z,XBTUSD,Sell,200,29223.0,ZeroMinusTick,a4a74f55-8b6b-6d82-7bcb-d4fef955860e,684392,0.00684392,200.0,Regular
2023-07-26T04:00:58.663Z,XBTUSD,Sell,100,29223.0,ZeroMinusTick,b32bb6e4-8db1-d736-1016-33efc475daea,342196,0.00342196,100.0,Regular
2023-07-26T04:01:05.878Z,XBTUSD,Sell,100,29220.0,MinusTick,e8e6c03a-c799-07a4-9bb7-0358acecc225,342231,0.00342231,100.0,Regular
2023-07-26T04:01:05.878Z,XBTUSD,Sell,8900,29220.0,ZeroMinusTick,2d3038ce-119d-442a-8bc8-380a93d8d0c8,30458559,0.30458559,8900.0,Regular
2023-07-26T04:01:21.729Z,XBTUSD,Sell,500,29219.0,MinusTick,62c1831a-6a76-401a-3d32-35d396818b7f,1711215,0.01711215,500.0,Regular
2023-07-26T04:01:27.163Z,XBTUSD,Sell,2000,29219.0,ZeroMinusTick,ba9e1663-b890-3753-18b5-74493f4f858f,6844860,0.0684486,2000.0,Regular
2023-07-26T04:01:27.163Z,XBTUSD,Sell,6000,29219.0,ZeroMinusTick,6d2ffcd6-d4b5-513e-46d7-7f98d09b3e1f,20534580,0.2053458,6000.0,Regular
2023-07-26T04:01:27.163Z,XBTUSD,Sell,200,29219.0,ZeroMinusTick,20cc7406-cbb4-34f7-8039-f7a7a829c15f,684486,0.00684486,200.0,Regular
2023-07-26T04:01:34.240Z,XBTUSD,Sell,100,29218.0,MinusTick,c1b70347-1661-ffec-588d-a5cc2a565d45,342255,0.00342255,100.0,Regular
2023-07-26T04:01:34.240Z,XBTUSD,Sell,9900,29217.0,MinusTick,f28f9636-4a3f-a7ea-a92a-494d329c4f47,33884334,0.33884334,9900.0,Regular
2023-07-26T04:02:02.522Z,XBTUSD,Sell,100,29217.0,ZeroMinusTick,4b39cab5-6c81-1185-7c09-858a4c029deb,342266,0.00342266,100.0,Regular
2023-07-26T04:02:25.688Z,XBTUSD,Buy,4400,29217.5,PlusTick,d99fbc90-de66-9a20-4705-cf50712c4ba7,15059484,0.15059484,4400.0,Regular
2023-07-26T04:02:25.688Z,XBTUSD,Buy,4900,29217.5,ZeroPlusTick,c3ca58fb-24bb-76f5-f08a-2e9b663e5510,16770789,0.16770789,4900.0,Regular
2023-07-26T04:02:25.688Z,XBTUSD,Buy,100,29217.5,ZeroPlusTick,098a67da-f3a9-758d-d9b3-30507db87c33,342261,0.00342261,100.0,Regular
2023-07-26T04:02:25.688Z,XBTUSD,Buy,2200,29217.5,ZeroPlusTick,7506180b-3c35-e329-860c-5de47f9cc511,7529742,0.07529742,2200.0,Regular
2023-07-26T04:02:25.688Z,XBTUSD,Buy,18400,29217.5,ZeroPlusTick,20a59f9a-fb84-3de5-ca5d-3dada6af55df,62976024,0.62976024,18400.0,Regular
2023-07-26T04:02:25.688Z,XBTUSD,Buy,46600,29217.5,ZeroPlusTick,a26196cb-defe-815e-3074-c1c500b578e1,159493626,1.59493626,46600.0,Regular
2023-07-26T04:02:25.688Z,XBTUSD,Buy,400,29217.5,ZeroPlusTick,e9afc569-86e0-fdb0-30fe-6f23aacc5e5c,1369044,0.01369044,400.0,Regular
2023-07-26T04:02:25.688Z,XBTUSD,Buy,29200,29217.5,ZeroPlusTick,f0b68bd6-3603-1d63-1ff7-eb6f91b44c4f,99940212,0.99940212,29200.0,Regular
2023-07-26T04:02:25.688Z,XBTUSD,Buy,16500,29217.5,ZeroPlusTick,2f574e85-484a-b9b9-72fe-138806c48fe8,56473065,0.56473065,16500.0,Regular
2023-07-26T04:02:25.688Z,XBTUSD,Buy,16100,29217.5,ZeroPlusTick,c22b691f-77ee-4175-341b-61b9bff9edda,55104021,0.55104021,16100.0,Regular
2023-07-26T04:02:29.218Z,XBTUSD,Sell,3000,29221.0,PlusTick,2f602364-0df2-c714-7a4c-1cae9b843435,10266600,0.102666,3000.0,Regular
2023-07-26T04:02:29.218Z,XBTUSD,Sell,100,29221.0,ZeroPlusTick,71e78b74-bb5d-061b-01ac-34b70e209273,342220,0.0034222,100.0,Regular
2023-07-26T04:02:45.490Z,XBTUSD,Sell,100,29221.0,ZeroPlusTick,e6cf1a50-23fe-ca05-0936-0a2d9d9e5e1c,342220,0.0034222,100.0,Regular
2023-07-26T04:02:48.013Z,XBTUSD,Sell,900,29218.0,MinusTick,c68414ec-f5a7-144a-079f-602751ca2a50,3080295,0.03080295,900.0,Regular
2023-07-26T04:03:22.460Z,XBTUSD,Sell,55000,29218.0,ZeroMinusTick,f98de727-5a96-c5af-1ebf-4ffeab168d21,188240250,1.8824025,55000.0,Regular
2023-07-26T04:03:22.460Z,XBTUSD,Sell,300,29218.0,ZeroMinusTick,ee0b4aa2-9ad4-4743-668f-abe344ee16b7,1026765,0.01026765,300.0,Regular
2023-07-26T04:03:22.460Z,XBTUSD,Sell,100,29218.0,ZeroMinusTick,a23473f8-1100-72fe-c5b9-e80894ebb1b6,342255,0.00342255,100.0,Regular
2023-07-26T04:03:22.471Z,XBTUSD,Sell,2300,29217.5,MinusTick,14d45677-91f6-0cad-8fed-3dfd689aa28f,7872003,0.07872003,2300.0,Regular
2023-07-26T04:03:22.471Z,XBTUSD,Sell,15100,29217.5,ZeroMinusTick,bff14c98-18f0-3288-e5d9-6b5281f7b74a,51681411,0.51681411,15100.0,Regular
2023-07-26T04:03:22.471Z,XBTUSD,Sell,15800,29217.5,ZeroMinusTick,28da8dc3-7a60-faae-0bbe-d9d2ef7fb5ed,54077238,0.54077238,15800.0,Regular
2023-07-26T04:03:27.572Z,XBTUSD,Sell,100,29217.0,MinusTick,b4a0e4e1-6c75-bf20-e365-c45d3009ddc7,342266,0.00342266,100.0,Regular
2023-07-26T04:03:27.572Z,XBTUSD,Sell,900,29216.0,MinusTick,fc1a897e-4659-ef66-4911-68ef5575b8eb,3080502,0.03080502,900.0,Regular
2023-07-26T04:03:28.063Z,XBTUSD,Sell,1000,29215.5,MinusTick,481c59a9-eea5-b2f9-24f6-89e9d2f00b66,3422840,0.0342284,1000.0,Regular
2023-07-26T04:03:30.196Z,XBTUSD,Sell,100,29215.0,MinusTick,b58ecb5c-292c-b042-022a-888ec1b8661b,342290,0.0034229,100.0,Regular
2023-07-26T04:03:37.441Z,XBTUSD,Sell,400,29215.0,ZeroMinusTick,74f28f18-b2a3-37d6-3716-69da2628e71d,1369160,0.0136916,400.0,Regular
2023-07-26T04:03:37.441Z,XBTUSD,Sell,2100,29215.0,ZeroMinusTick,faf5f4ae-2645-f212-6f43-f347ae7f5b3d,7188090,0.0718809,2100.0,Regular
2023-07-26T04:03:45.703Z,XBTUSD,Sell,8800,29214.0,MinusTick,28fb4e52-657b-b1dc-8b72-064354eff459,30122576,0.30122576,8800.0,Regular
2023-07-26T04:03:45.703Z,XBTUSD,Sell,12400,29214.0,ZeroMinusTick,b5e1e34a-4b48-d999-6e57-3f543b7aa054,42445448,0.42445448,12400.0,Regular
2023-07-26T04:03:45.703Z,XBTUSD,Sell,55900,29214.0,ZeroMinusTick,736c26e5-8277-528c-6902-e52ea397155b,191346818,1.91346818,55900.0,Regular
2023-07-26T04:04:17.704Z,XBTUSD,Buy,1100,29212.0,MinusTick,e20acd72-6856-6cd8-7d73-0ec5cb5cd32c,3765575,0.03765575,1100.0,Regular
2023-07-26T04:04:17.811Z,XBTUSD,Sell,15600,29211.5,MinusTick,0ffa02ce-0467-130e-ee8d-01eaab8a5992,53403636,0.53403636,15600.0,Regular
2023-07-26T04:04:17.811Z,XBTUSD,Sell,55900,29211.5,ZeroMinusTick,6b3e819a-86e9-7741-04af-f72063093d9a,191363029,1.91363029,55900.0,Regular
2023-07-26T04:04:17.811Z,XBTUSD,Sell,15100,29211.5,ZeroMinusTick,02319da5-34df-6694-b505-429bde83c821,51691981,0.51691981,15100.0,Regular
2023-07-26T04:04:17.811Z,XBTUSD,Sell,25000,29211.0,MinusTick,f1ea9db2-8775-73a5-b7e4-ecf077a320ee,85584250,0.8558425,25000.0,Regular
2023-07-26T04:04:17.811Z,XBTUSD,Sell,100,29210.0,MinusTick,01de0733-35d3-3364-89bb-b4e5d24a59af,342349,0.00342349,100.0,Regular
2023-07-26T04:04:17.811Z,XBTUSD,Sell,62300,29209.0,MinusTick,2201147d-2dbb-1ef0-5fcc-dca2180baf13,213290280,2.1329028,62300.0,Regular
2023-07-26T04:04:17.811Z,XBTUSD,Sell,8300,29209.0,ZeroMinusTick,a23fa6de-ac31-30bd-3a9f-4816c4ab410e,28415880,0.2841588,8300.0,Regular
2023-07-26T04:04:17.811Z,XBTUSD,Sell,8800,29208.5,MinusTick,fb703b75-9d1f-3d4d-18ee-26402e0028db,30128208,0.30128208,8800.0,Regular
2023-07-26T04:04:17.811Z,XBTUSD,Sell,18900,29208.5,ZeroMinusTick,c5e39787-9c0b-8f08-4f87-243fe0e5982a,64707174,0.64707174,18900.0,Regular
2023-07-26T04:04:18.757Z,XBTUSD,Buy,200,29209.0,PlusTick,0287eb28-5def-504d-2460-e5ccfe248905,684720,0.0068472,200.0,Regular
2023-07-26T04:05:18.720Z,XBTUSD,Buy,4900,29209.0,ZeroPlusTick,46ca9d09-fa8b-1f8b-ae51-2385d240d599,16775640,0.1677564,4900.0,Regular
2023-07-26T04:05:18.720Z,XBTUSD,Buy,100,29209.0,ZeroPlusTick,0fc47733-7d70-9662-e98a-8eecb53dda1d,342360,0.0034236,100.0,Regular
2023-07-26T04:05:18.720Z,XBTUSD,Buy,1200,29209.0,ZeroPlusTick,b7ecdb63-2214-aa35-a4d7-0edbc74003d7,4108320,0.0410832,1200.0,Regular
2023-07-26T04:05:18.720Z,XBTUSD,Buy,2600,29209.0,ZeroPlusTick,6ae3cc5b-ea1e-f6df-96e3-ae6f5d2bb42c,8901360,0.0890136,2600.0,Regular
2023-07-26T04:05:18.720Z,XBTUSD,Buy,13100,29209.0,ZeroPlusTick,9239d4d4-89f5-2ba4-9f40-b1fd20ef34fa,44849160,0.4484916,13100.0,Regular
2023-07-26T04:05:18.720Z,XBTUSD,Buy,4900,29209.0,ZeroPlusTick,bf8b6f6e-5d27-ab48-72e1-6f3c6faa8562,16775640,0.1677564,4900.0,Regular
2023-07-26T04:05:18.720Z,XBTUSD,Buy,15300,29209.0,ZeroPlusTick,9bdaa45a-3fe1-d7a4-bad9-50bffd23ccd4,52381080,0.5238108,15300.0,Regular
2023-07-26T04:05:18.720Z,XBTUSD,Buy,100,29209.0,ZeroPlusTick,dda89773-f23c-f9d0-0166-55070d37bf47,342360,0.0034236,100.0,Regular
2023-07-26T04:05:18.720Z,XBTUSD,Buy,5900,29209.0,ZeroPlusTick,14de7ae1-5eed-8243-5e1e-834f9272d072,20199240,0.2019924,5900.0,Regular
2023-07-26T04:05:18.720Z,XBTUSD,Buy,11800,29209.0,ZeroPlusTick,f7c12a44-a746-fed5-76f3-a1cb476cbf8d,40398480,0.4039848,11800.0,Regular
2023-07-26T04:05:18.720Z,XBTUSD,Buy,44200,29209.0,ZeroPlusTick,0e833506-1de6-b3ab-0efb-eb1f93873ea8,151323120,1.5132312,44200.0,Regular
2023-07-26T04:05:18.720Z,XBTUSD,Buy,6500,29209.0,ZeroPlusTick,e4d46ff3-7c04-6ea7-3989-70150b796329,22253400,0.222534,6500.0,Regular
2023-07-26T04:05:18.720Z,XBTUSD,Buy,9900,29209.0,ZeroPlusTick,20fbb3b5-3e5b-c34d-59bc-7afbdf4ae7f0,33893640,0.3389364,9900.0,Regular
2023-07-26T04:05:18.760Z,XBTUSD,Buy,13600,29209.0,ZeroPlusTick,0230d590-93bb-2c75-1fdd-bf2034c77020,46560960,0.4656096,13600.0,Regular
2023-07-26T04:05:18.760Z,XBTUSD,Buy,7000,29209.0,ZeroPlusTick,fbb46960-2667-5dad-95d1-87a1e4582a92,23965200,0.239652,7000.0,Regular
2023-07-26T04:05:18.773Z,XBTUSD,Buy,41700,29209.0,ZeroPlusTick,eb60a43f-3aa7-cebe-be38-64464edda68a,142764120,1.4276412,41700.0,Regular
2023-07-26T04:05:18.780Z,XBTUSD,Buy,20600,29209.0,ZeroPlusTick,9c08b4fa-8291-8753-fd06-cbbf07856109,70526160,0.7052616,20600.0,Regular
2023-07-26T04:05:39.125Z,XBTUSD,Buy,1400,29211.0,PlusTick,4e794382-3864-0ca0-d1c2-67aed62287d2,4792718,0.04792718,1400.0,Regular
2023-07-26T04:05:39.125Z,XBTUSD,Buy,1200,29211.0,ZeroPlusTick,629cc0ab-31b4-82e8-43e0-34de6d987ce6,4108044,0.04108044,1200.0,Regular
2023-07-26T04:05:39.125Z,XBTUSD,Buy,4900,29211.0,ZeroPlusTick,a8ad34c6-5d5e-580d-c21a-e7688b8246fe,16774513,0.16774513,4900.0,Regular
2023-07-26T04:05:39.125Z,XBTUSD,Buy,700,29211.0,ZeroPlusTick,c9d4e2e5-aa98-21f9-916b-36403e6daf42,2396359,0.02396359,700.0,Regular
2023-07-26T04:05:39.125Z,XBTUSD,Buy,3800,29211.0,ZeroPlusTick,eb3400ee-71e9-9dc3-d8e7-a6119dc36f0b,13008806,0.13008806,3800.0,Regular
2023-07-26T04:05:39.125Z,XBTUSD,Buy,300,29211.0,ZeroPlusTick,bd4e7c2a-ca7e-4f33-c0f0-5e93d2de7f6e,1027011,0.01027011,300.0,Regular
2023-07-26T04:05:39.125Z,XBTUSD,Buy,1200,29211.0,ZeroPlusTick,bf4f3815-e362-4d72-d70e-8d3d59884fcf,4108044,0.04108044,1200.0,Regular
2023-07-26T04:05:39.125Z,XBTUSD,Buy,3000,29211.0,ZeroPlusTick,e3f51f9a-620e-a81b-298e-d92ec3a69b56,10270110,0.1027011,3000.0,Regular
2023-07-26T04:06:34.965Z,XBTUSD,Sell,11400,29213.0,PlusTick,1a0b3b98-0fb6-210e-bc01-69b1c12409dc,39023682,0.39023682,11400.0,Regular
2023-07-26T04:06:34.965Z,XBTUSD,Sell,100,29213.0,ZeroPlusTick,ca42c4b3-3825-8377-d803-231ab94dc6ab,342313,0.00342313,100.0,Regular
2023-07-26T04:06:34.965Z,XBTUSD,Sell,700,29213.0,ZeroPlusTick,dee0f4e2-b80e-f9b6-4327-279cfb9a3663,2396191,0.02396191,700.0,Regular
2023-07-26T04:06:34.965Z,XBTUSD,Sell,200,29213.0,ZeroPlusTick,381b3c69-11fc-9321-c972-a8b00b1ad807,684626,0.00684626,200.0,Regular
2023-07-26T04:06:34.965Z,XBTUSD,Sell,1100,29213.0,ZeroPlusTick,f7443f1b-571e-44a1-2158-4274a5980a2a,3765443,0.03765443,1100.0,Regular
2023-07-26T04:06:34.965Z,XBTUSD,Sell,2200,29213.0,ZeroPlusTick,c4e9af1f-2ccf-7e86-f405-8d1b27cdb3e8,7530886,0.07530886,2200.0,Regular
2023-07-26T04:06:34.965Z,XBTUSD,Sell,13100,29213.0,ZeroPlusTick,d2c7f530-f815-c167-62e4-c739a83026dd,44843003,0.44843003,13100.0,Regular
2023-07-26T04:06:34.965Z,XBTUSD,Sell,40900,29212.5,MinusTick,3a632d35-7deb-359c-50e0-bcffad3939fc,140008471,1.40008471,40900.0,Regular
2023-07-26T04:06:34.965Z,XBTUSD,Sell,27000,29210.0,MinusTick,ac91a313-979d-234c-32b1-6ff5e8367945,92434230,0.9243423,27000.0,Regular
2023-07-26T04:06:34.979Z,XBTUSD,Sell,28900,29210.0,ZeroMinusTick,caa1777c-f1f8-6731-bfdd-75790fcadbbc,98938861,0.98938861,28900.0,Regular
2023-07-26T04:06:34.993Z,XBTUSD,Sell,800,29209.0,MinusTick,d84c4c99-6c31-49ac-db0e-6a100394aabc,2738880,0.0273888,800.0,Regular
2023-07-26T04:06:35.010Z,XBTUSD,Sell,800,29208.5,MinusTick,542ddc8c-e82d-d2f7-f3d4-97148b0abbed,2738928,0.02738928,800.0,Regular
2023-07-26T04:06:35.016Z,XBTUSD,Sell,300,29208.0,MinusTick,5e9b406e-9550-934a-3c17-7c84e2c0ed40,1027116,0.01027116,300.0,Regular
2023-07-26T04:06:35.016Z,XBTUSD,Sell,100,29208.0,ZeroMinusTick,0119f13b-4a4b-794a-fec9-71bd0da85b6d,342372,0.00342372,100.0,Regular
2023-07-26T04:06:35.019Z,XBTUSD,Sell,400,29208.0,ZeroMinusTick,0177c9d8-e77a-6e0a-dfb2-68a171018ab9,1369488,0.01369488,400.0,Regular
2023-07-26T04:06:35.027Z,XBTUSD,Sell,39000,29208.0,ZeroMinusTick,51fb7ca9-7ed6-4590-66c0-e85bc93e8a83,133525080,1.3352508,39000.0,Regular
2023-07-26T04:06:35.079Z,XBTUSD,Sell,100,29207.5,MinusTick,f192673b-8dee-a0a6-6b42-2279f544f02c,342378,0.00342378,100.0,Regular
2023-07-26T04:06:37.325Z,XBTUSD,Buy,17500,29205.5,MinusTick,5eea78f6-272b-14d2-8f66-3cf58a321dcc,59920175,0.59920175,17500.0,Regular
2023-07-26T04:06:38.251Z,XBTUSD,Buy,23000,29205.5,ZeroMinusTick,5bc6c098-78e7-fbe0-fa5b-1dcdb359ceef,78752230,0.7875223,23000.0,Regular
2023-07-26T04:06:38.251Z,XBTUSD,Buy,400,29205.5,ZeroMinusTick,331332af-930a-c882-3685-dc86c767025a,1369604,0.01369604,400.0,Regular
2023-07-26T04:06:38.251Z,XBTUSD,Buy,800,29205.5,ZeroMinusTick,c6fce556-603e-b3a6-6d03-6f4032f1903b,2739208,0.02739208,800.0,Regular
2023-07-26T04:06:38.251Z,XBTUSD,Buy,400,29205.5,ZeroMinusTick,900c6992-3f8f-aa3e-2301-51a6481492ea,1369604,0.01369604,400.0,Regular
2023-07-26T04:06:42.522Z,XBTUSD,Sell,16900,29208.0,PlusTick,3cb68a26-6c65-e2bd-cd6b-6f17ebd9a477,57860868,0.57860868,16900.0,Regular
2023-07-26T04:06:42.522Z,XBTUSD,Sell,14200,29208.0,ZeroPlusTick,0b797c5f-4a11-592d-5fc4-5edf6f5c2297,48616824,0.48616824,14200.0,Regular
2023-07-26T04:06:42.522Z,XBTUSD,Sell,44900,29207.5,MinusTick,9f72f29a-1365-8302-6be7-230f32afc6e6,153727722,1.53727722,44900.0,Regular
2023-07-26T04:07:03.033Z,XBTUSD,Sell,500,29204.5,MinusTick,4d33ab92-3d3a-25c8-27ef-e9392e767841,1712065,0.01712065,500.0,Regular
2023-07-26T04:07:03.776Z,XBTUSD,Sell,500,29204.5,ZeroMinusTick,519841ce-c3ee-6c5b-c518-a5b324dd3fb2,1712065,0.01712065,500.0,Regular
2023-07-26T04:07:06.310Z,XBTUSD,Buy,44500,29205.0,PlusTick,c0894050-c6cc-6a4d-b547-bf8dce1e02bf,152371115,1.52371115,44500.0,Regular
2023-07-26T04:07:06.321Z,XBTUSD,Buy,8600,29205.0,ZeroPlusTick,20046e78-ad30-34a5-3285-4346fe58acde,29447002,0.29447002,8600.0,Regular
2023-07-26T04:07:06.321Z,XBTUSD,Buy,100,29205.0,ZeroPlusTick,f5672e3c-0193-7a0c-dd52-fddf707bce35,342407,0.00342407,100.0,Regular
2023-07-26T04:07:06.321Z,XBTUSD,Buy,200,29205.0,ZeroPlusTick,c249d86f-873a-f27d-7248-5907b3df8d5a,684814,0.00684814,200.0,Regular
2023-07-26T04:07:06.321Z,XBTUSD,Buy,1200,29205.0,ZeroPlusTick,d5edfa77-00ce-9e08-52a1-7cac340eb883,4108884,0.04108884,1200.0,Regular
2023-07-26T04:07:06.321Z,XBTUSD,Buy,100,29205.0,ZeroPlusTick,8fd4c4e7-968a-b199-418d-561c6010f955,342407,0.00342407,100.0,Regular
2023-07-26T04:07:06.321Z,XBTUSD,Buy,1000,29205.0,ZeroPlusTick,cc841d63-3f4c-6427-2932-ed9fc1f76dfe,3424070,0.0342407,1000.0,Regular
2023-07-26T04:07:06.321Z,XBTUSD,Buy,100,29205.0,ZeroPlusTick,1640eb04-ec4e-e9c3-5a43-576dcdbd3237,342407,0.00342407,100.0,Regular
2023-07-26T04:07:06.321Z,XBTUSD,Buy,100,29205.0,ZeroPlusTick,8f703001-d17a-d39b-3aa6-369adbef0cf8,342407,0.00342407,100.0,Regular
2023-07-26T04:07:15.611Z,XBTUSD,Buy,27800,29206.0,PlusTick,abc56e84-ed98-d575-5ace-116f20427160,95185810,0.9518581,27800.0,Regular
2023-07-26T04:07:15.611Z,XBTUSD,Buy,13800,29206.0,ZeroPlusTick,ada2005d-3936-675b-7eb4-b5a144eacc56,47250510,0.4725051,13800.0,Regular
2023-07-26T04:07:27.323Z,XBTUSD,Buy,300,29207.5,PlusTick,66deb438-3b97-34c6-85a1-50ab19019eb3,1027134,0.01027134,300.0,Regular
2023-07-26T04:07:27.323Z,XBTUSD,Buy,200,29207.5,ZeroPlusTick,2d5a71ec-5d7c-abef-d463-8302684cee3e,684756,0.00684756,200.0,Regular
2023-07-26T04:07:27.323Z,XBTUSD,Buy,100,29207.5,ZeroPlusTick,eb6b09b1-6c10-30d0-64c7-8dc7c2ab459e,342378,0.00342378,100.0,Regular
2023-07-26T04:07:27.514Z,XBTUSD,Buy,100,29208.0,PlusTick,fd2f39c6-7c49-ff8a-eeeb-68e28ee210ab,342372,0.00342372,100.0,Regular
2023-07-26T04:07:33.773Z,XBTUSD,Sell,200,29212.5,PlusTick,f8094720-66f1-164b-9c56-3b3e0dfb8ee0,684638,0.00684638,200.0,Regular
2023-07-26T04:08:08.224Z,XBTUSD,Buy,100,29208.0,MinusTick,7d27d8e0-3cb3-722f-9875-9814ba801c0d,342372,0.00342372,100.0,Regular
2023-07-26T04:08:08.224Z,XBTUSD,Buy,100,29208.0,ZeroMinusTick,6c361a2c-1bad-0fbe-6289-077d2bea15a3,342372,0.00342372,100.0,Regular
2023-07-26T04:08:08.224Z,XBTUSD,Buy,100,29208.0,ZeroMinusTick,2b1524fa-c19f-c234-20b8-ad50e075b884,342372,0.00342372,100.0,Regular
2023-07-26T04:08:08.224Z,XBTUSD,Buy,100,29208.0,ZeroMinusTick,9248fa1c-00ba-68cd-ee33-00d07681dec3,342372,0.00342372,100.0,Regular
2023-07-26T04:08:08.224Z,XBTUSD,Buy,400,29208.0,ZeroMinusTick,23c763ab-7ef0-186a-11d2-86645d8dcfd6,1369488,0.01369488,400.0,Regular
2023-07-26T04:08:08.224Z,XBTUSD,Buy,17500,29208.0,ZeroMinusTick,c2d49bc3-73af-bfe3-5f80-ae47e047d7c6,59915100,0.599151,17500.0,Regular
2023-07-26T04:08:08.224Z,XBTUSD,Buy,100,29208.0,ZeroMinusTick,42d99ea6-5d04-f8a6-bc06-b559f3836df9,342372,0.00342372,100.0,Regular
2023-07-26T04:08:08.224Z,XBTUSD,Buy,300,29208.0,ZeroMinusTick,c9af4fd0-0d09-1a6d-5892-2cd5fccd976c,1027116,0.01027116,300.0,Regular
2023-07-26T04:08:08.224Z,XBTUSD,Buy,100,29208.0,ZeroMinusTick,f16e2ff2-e3c9-8802-6847-6612f3f744ed,342372,0.00342372,100.0,Regular
2023-07-26T04:08:08.224Z,XBTUSD,Buy,7400,29208.0,ZeroMinusTick,8c01449b-da07-bb74-8d10-496838bcca17,25335528,0.25335528,7400.0,Regular
2023-07-26T04:08:28.098Z,XBTUSD,Buy,100,29208.0,ZeroMinusTick,8595954e-3832-e11b-912a-9d2b1b011f43,342372,0.00342372,100.0,Regular
2023-07-26T04:08:28.098Z,XBTUSD,Buy,200,29208.0,ZeroMinusTick,21c65110-9df0-1667-7a55-3ab13654f08a,684744,0.00684744,200.0,Regular
2023-07-26T04:08:28.098Z,XBTUSD,Buy,400,29208.0,ZeroMinusTick,5a2c6960-418f-71e9-7e96-bb85b8a2628d,1369488,0.01369488,400.0,Regular
2023-07-26T04:08:28.098Z,XBTUSD,Buy,400,29208.0,ZeroMinusTick,d552a268-414d-335a-1001-f1e938cabab6,1369488,0.01369488,400.0,Regular
2023-07-26T04:08:28.098Z,XBTUSD,Buy,200,29208.0,ZeroMinusTick,ca814116-aa02-bd17-c674-13199ba22f06,684744,0.00684744,200.0,Regular
2023-07-26T04:08:29.056Z,XBTUSD,Buy,100,29214.0,PlusTick,3d6fc02e-85ae-1580-1d06-fc72ff069c31,342302,0.00342302,100.0,Regular
2023-07-26T04:08:37.550Z,XBTUSD,Sell,49800,29218.5,PlusTick,7324da70-c3e0-0b49-f298-2c655b354068,170440002,1.70440002,49800.0,Regular
2023-07-26T04:08:37.550Z,XBTUSD,Sell,100,29215.5,MinusTick,72b852fb-47de-706f-d812-b5428d301a6b,342284,0.00342284,100.0,Regular
2023-07-26T04:08:37.585Z,XBTUSD,Sell,55900,29214.5,MinusTick,7157390e-4f55-f665-b45a-ec39aea750bb,191343464,1.91343464,55900.0,Regular
2023-07-26T04:08:37.586Z,XBTUSD,Sell,300,29213.5,MinusTick,5e7703a8-f616-80dd-a991-46381ec1a9f1,1026921,0.01026921,300.0,Regular
2023-07-26T04:08:45.199Z,XBTUSD,Buy,900,29208.0,MinusTick,34668ea2-316b-fbf9-6201-a5131158b16b,3081348,0.03081348,900.0,Regular
2023-07-26T04:09:00.318Z,XBTUSD,Buy,38300,29207.5,MinusTick,dd149018-9832-021b-3b65-ad4155d2314f,131130774,1.31130774,38300.0,Regular
2023-07-26T04:09:00.353Z,XBTUSD,Buy,100,29207.5,ZeroMinusTick,fbbd088c-9d10-a972-3e53-4f66f0fb15a7,342378,0.00342378,100.0,Regular
2023-07-26T04:09:00.353Z,XBTUSD,Buy,100,29207.5,ZeroMinusTick,dc715391-f201-4ba9-e6e6-bdf1680c04d6,342378,0.00342378,100.0,Regular
2023-07-26T04:09:00.353Z,XBTUSD,Buy,100,29207.5,ZeroMinusTick,eb8f0190-d83e-2319-07db-9750726d1d0c,342378,0.00342378,100.0,Regular
2023-07-26T04:09:00.353Z,XBTUSD,Buy,100,29207.5,ZeroMinusTick,c89b5b75-8f7c-2859-7931-9b5306aedeac,342378,0.00342378,100.0,Regular
2023-07-26T04:09:00.353Z,XBTUSD,Buy,100,29207.5,ZeroMinusTick,761337f6-ac88-124e-18c3-46b009adc0d8,342378,0.00342378,100.0,Regular
2023-07-26T04:09:24.558Z,XBTUSD,Sell,100,29207.0,MinusTick,c41d5e61-240f-9fee-6d9b-23863864f63a,342384,0.00342384,100.0,Regular
2023-07-26T04:09:24.558Z,XBTUSD,Sell,100,29207.0,ZeroMinusTick,30cc91da-860a-bb56-f525-fe3d74dd1b7e,342384,0.00342384,100.0,Regular
2023-07-26T04:09:54.554Z,XBTUSD,Buy,2500,29204.5,MinusTick,f20325e0-508e-b9cb-155a-511da60b2509,8560325,0.08560325,2500.0,Regular
2023-07-26T04:09:54.564Z,XBTUSD,Buy,38000,29204.5,ZeroMinusTick,decc18ef-c2bb-92df-e4f0-c159d1d247de,130116940,1.3011694,38000.0,Regular
2023-07-26T04:09:54.564Z,XBTUSD,Buy,100,29204.5,ZeroMinusTick,7949c04d-b745-2361-5ee7-37b385145aa8,342413,0.00342413,100.0,Regular
2023-07-26T04:09:54.564Z,XBTUSD,Buy,37500,29204.5,ZeroMinusTick,1c070212-63e6-cae1-e312-024637383056,128404875,1.28404875,37500.0,Regular
2023-07-26T04:09:58.539Z,XBTUSD,Sell,40500,29208.0,PlusTick,60b778c2-9c9c-d9b9-1dcb-b4b71392aa01,138660660,1.3866066,40500.0,Regular
2023-07-26T04:09:58.539Z,XBTUSD,Sell,2800,29208.0,ZeroPlusTick,b90f5bb6-efa7-43fc-01d9-588e6f446570,9586416,0.09586416,2800.0,Regular
2023-07-26T04:09:58.539Z,XBTUSD,Sell,21400,29207.0,MinusTick,4af8b939-ebe5-48fc-a15f-171a7627bf31,73270176,0.73270176,21400.0,Regular
2023-07-26T04:09:58.545Z,XBTUSD,Sell,19100,29207.0,ZeroMinusTick,0c90cc74-3757-23af-c072-3dc7f473d06a,65395344,0.65395344,19100.0,Regular
2023-07-26T04:09:58.569Z,XBTUSD,Sell,1200,29205.0,MinusTick,eb7494dc-5af9-c604-3ca8-a4d13c3ff53e,4108884,0.04108884,1200.0,Regular
2023-07-26T04:09:58.569Z,XBTUSD,Sell,10000,29205.0,ZeroMinusTick,f558bf18-eedb-dbb9-cee6-c878c7b0df72,34240700,0.342407,10000.0,Regular
2023-07-26T04:09:58.569Z,XBTUSD,Sell,100,29205.0,ZeroMinusTick,94e799d1-cd06-8d48-ab6d-11884e09e687,342407,0.00342407,100.0,Regular
2023-07-26T04:09:58.569Z,XBTUSD,Sell,10700,29204.5,MinusTick,7f5a176a-3e04-18c0-3b60-b0859a358c41,36638191,0.36638191,10700.0,Regular
2023-07-26T04:09:58.598Z,XBTUSD,Sell,15100,29204.5,ZeroMinusTick,b77b8b53-57e5-daf2-2a97-8a6a1df898db,51704363,0.51704363,15100.0,Regular
2023-07-26T04:09:58.598Z,XBTUSD,Sell,800,29204.5,ZeroMinusTick,94a071cd-65ea-384f-aa09-dc7181c1ec9f,2739304,0.02739304,800.0,Regular
2023-07-26T04:10:58.129Z,XBTUSD,Buy,300,29204.5,ZeroMinusTick,2eb5e2b0-3a45-ecde-e3af-9392f31b0b4c,1027239,0.01027239,300.0,Regular
2023-07-26T04:10:58.129Z,XBTUSD,Buy,100,29204.5,ZeroMinusTick,3f5e32b3-5db5-67ca-f234-545970e9a155,342413,0.00342413,100.0,Regular
2023-07-26T04:10:58.129Z,XBTUSD,Buy,100,29204.5,ZeroMinusTick,8aa16de1-3d77-02f6-6e1d-fb852067b9ae,342413,0.00342413,100.0,Regular
2023-07-26T04:10:58.129Z,XBTUSD,Buy,1600,29204.5,ZeroMinusTick,15027505-e380-8d6f-8259-e91306a87e79,5478608,0.05478608,1600.0,Regular
2023-07-26T04:10:58.199Z,XBTUSD,Buy,300,29204.5,ZeroMinusTick,0a3b3450-e83c-c0b1-b788-fe14ead373e0,1027239,0.01027239,300.0,Regular
2023-07-26T04:10:59.534Z,XBTUSD,Buy,14800,29204.5,ZeroMinusTick,1b08915f-9bf8-2af1-a914-22c018effc75,50677124,0.50677124,14800.0,Regular
2023-07-26T04:10:59.534Z,XBTUSD,Buy,200,29204.5,ZeroMinusTick,2c4dbe90-6b67-7c80-a2a8-82c4071bcc01,684826,0.00684826,200.0,Regular
2023-07-26T04:10:59.613Z,XBTUSD,Buy,500,29205.0,PlusTick,0440abe5-8c42-09b7-5525-3fa4d7fa1735,1712035,0.01712035,500.0,Regular
2023-07-26T04:10:59.639Z,XBTUSD,Buy,100,29205.5,PlusTick,5dd5afbf-df25-7942-4a0a-c2bf877d11ec,342401,0.00342401,100.0,Regular
2023-07-26T04:11:13.395Z,XBTUSD,Buy,100,29212.0,PlusTick,898a755b-12eb-887d-ac87-5f3050aec78d,342325,0.00342325,100.0,Regular
2023-07-26T04:11:13.395Z,XBTUSD,Buy,10000,29212.0,ZeroPlusTick,437ee831-d0f6-2248-ad23-19d2dab7f164,34232500,0.342325,10000.0,Regular
2023-07-26T04:13:11.425Z,XBTUSD,Buy,1200,29214.0,PlusTick,b779732c-4941-af2e-3e7e-daae4e79bf71,4107624,0.04107624,1200.0,Regular
2023-07-26T04:13:11.425Z,XBTUSD,Buy,5300,29214.0,ZeroPlusTick,0c5ff979-111d-4b57-6bd5-91426bfbb70e,18142006,0.18142006,5300.0,Regular
2023-07-26T04:13:31.409Z,XBTUSD,Buy,37500,29214.0,ZeroPlusTick,377efdb2-6eb2-6813-0af9-a0da21c092b6,128363250,1.2836325,37500.0,Regular
2023-07-26T04:13:31.409Z,XBTUSD,Buy,55900,29214.0,ZeroPlusTick,b654357d-a571-ba91-d4b8-ebab76d99705,191346818,1.91346818,55900.0,Regular
2023-07-26T04:13:31.409Z,XBTUSD,Buy,3700,29214.0,ZeroPlusTick,a36bea9b-aa70-2196-b0ce-7c7bf1d58cba,12665174,0.12665174,3700.0,Regular
2023-07-26T04:13:31.409Z,XBTUSD,Buy,88200,29214.0,ZeroPlusTick,14fa1489-02d9-6fe2-4fa1-da9c4a3e2575,301910364,3.01910364,88200.0,Regular
2023-07-26T04:13:31.409Z,XBTUSD,Buy,13200,29214.0,ZeroPlusTick,6edfa834-7bf7-fd5a-cd35-79bf0922f4cb,45183864,0.45183864,13200.0,Regular
2023-07-26T04:13:31.411Z,XBTUSD,Buy,20400,29214.0,ZeroPlusTick,60e7d4ae-359b-2022-1c3e-bf61613b979a,69829608,0.69829608,20400.0,Regular
2023-07-26T04:13:44.220Z,XBTUSD,Buy,100,29214.5,PlusTick,99cc9e3e-efe6-4fc3-e1bc-b9aebdcb0d28,342296,0.00342296,100.0,Regular
2023-07-26T04:13:44.220Z,XBTUSD,Buy,1000,29214.5,ZeroPlusTick,f08ce51f-f5e2-85fb-4511-8a0be6817ce9,3422960,0.0342296,1000.0,Regular
2023-07-26T04:13:44.236Z,XBTUSD,Buy,500,29215.0,PlusTick,bd0d4a70-78fd-2c0d-4509-64662e097246,1711450,0.0171145,500.0,Regular
2023-07-26T04:13:51.470Z,XBTUSD,Sell,800,29219.0,PlusTick,e9c8cc82-b39c-6c6c-1e21-14826ab85dd7,2737944,0.02737944,800.0,Regular
2023-07-26T04:13:51.470Z,XBTUSD,Sell,14100,29219.0,ZeroPlusTick,38a685ee-2674-091e-87dd-3ee816445f32,48256263,0.48256263,14100.0,Regular
2023-07-26T04:13:51.470Z,XBTUSD,Sell,300,29219.0,ZeroPlusTick,b887f99b-33cc-8b25-36e7-ffedf53cc422,1026729,0.01026729,300.0,Regular
2023-07-26T04:13:51.470Z,XBTUSD,Sell,16500,29219.0,ZeroPlusTick,114aa508-0edc-4a6f-b7ac-3a4aa03f9150,56470095,0.56470095,16500.0,Regular
2023-07-26T04:13:51.470Z,XBTUSD,Sell,69000,29219.0,ZeroPlusTick,70d158c5-7924-8a9e-56b5-ec15e4383b17,236147670,2.3614767,69000.0,Regular
2023-07-26T04:13:51.470Z,XBTUSD,Sell,123100,29219.0,ZeroPlusTick,0e5191c3-0038-93d3-4396-9ce551565564,421301133,4.21301133,123100.0,Regular
2023-07-26T04:13:51.500Z,XBTUSD,Sell,55000,29219.0,ZeroPlusTick,af8393f3-fd23-d223-3b91-895a528e6646,188233650,1.8823365,55000.0,Regular
2023-07-26T04:13:51.500Z,XBTUSD,Sell,20000,29219.0,ZeroPlusTick,830de872-0732-dec8-e68f-df839de9c6f7,68448600,0.684486,20000.0,Regular
2023-07-26T04:13:51.500Z,XBTUSD,Sell,500,29219.0,ZeroPlusTick,9516994a-ba0c-8634-54dc-0b15bed524ef,1711215,0.01711215,500.0,Regular
2023-07-26T04:13:51.500Z,XBTUSD,Sell,1000,29219.0,ZeroPlusTick,e3fba261-a403-58b2-6f40-2bddb07d3d4b,3422430,0.0342243,1000.0,Regular
2023-07-26T04:13:51.509Z,XBTUSD,Sell,1600,29219.0,ZeroPlusTick,a3367ac1-b6d1-112e-e15b-1de2e975e127,5475888,0.05475888,1600.0,Regular
2023-07-26T04:13:51.532Z,XBTUSD,Sell,1700,29219.0,ZeroPlusTick,e832bfb0-0897-7516-7b70-b169ebf144f6,5818131,0.05818131,1700.0,Regular
2023-07-26T04:13:51.535Z,XBTUSD,Sell,2600,29219.0,ZeroPlusTick,255d1f5c-5446-104f-d50b-87a1e103f85c,8898318,0.08898318,2600.0,Regular
2023-07-26T04:13:51.535Z,XBTUSD,Sell,1000,29219.0,ZeroPlusTick,90bfd6fc-103e-3748-9df9-2f1d1b000491,3422430,0.0342243,1000.0,Regular
2023-07-26T04:13:51.535Z,XBTUSD,Sell,500,29219.0,ZeroPlusTick,ffae1acb-b769-773f-4043-616a09a19655,1711215,0.01711215,500.0,Regular
2023-07-26T04:13:51.535Z,XBTUSD,Sell,700,29219.0,ZeroPlusTick,48db88b6-ba62-0f8e-5af2-1e1b3d73714f,2395701,0.02395701,700.0,Regular
2023-07-26T04:13:53.368Z,XBTUSD,Sell,400,29219.0,ZeroPlusTick,b6865afe-11ef-cf46-4f80-620a59f4248a,1368972,0.01368972,400.0,Regular
2023-07-26T04:13:53.368Z,XBTUSD,Sell,1400,29219.0,ZeroPlusTick,0dd59fee-2c65-239d-44e0-f6a909c98a6e,4791402,0.04791402,1400.0,Regular
2023-07-26T04:13:53.368Z,XBTUSD,Sell,2300,29219.0,ZeroPlusTick,68867a56-b7a7-6556-1a98-357030d27906,7871589,0.07871589,2300.0,Regular
2023-07-26T04:13:53.368Z,XBTUSD,Sell,100,29216.0,MinusTick,c6f8edf6-9a1b-db9a-7400-1d3fd5e3408a,342278,0.00342278,100.0,Regular
2023-07-26T04:13:53.368Z,XBTUSD,Sell,32400,29215.5,MinusTick,af70dad7-434f-6676-e335-9969b5fe8ba2,110900016,1.10900016,32400.0,Regular
2023-07-26T04:13:53.373Z,XBTUSD,Sell,71300,29214.5,MinusTick,1751d169-65b0-552f-d5d3-8e7502a1f131,244057048,2.44057048,71300.0,Regular
2023-07-26T04:13:53.546Z,XBTUSD,Sell,200,29214.0,MinusTick,e23998bd-e622-e5bc-c6db-e0b475db6e9a,684604,0.00684604,200.0,Regular
2023-07-26T04:15:45.802Z,XBTUSD,Buy,200,29214.0,ZeroMinusTick,56cae194-dffc-bf22-4237-53041496a589,684604,0.00684604,200.0,Regular
2023-07-26T04:15:45.802Z,XBTUSD,Buy,200,29214.0,ZeroMinusTick,6d6d1d47-4829-8ac8-8eb4-b708b64b2ff4,684604,0.00684604,200.0,Regular
2023-07-26T04:17:18.325Z,XBTUSD,Sell,2500,29216.5,PlusTick,f0361e44-92d1-c506-b678-3abd6fb69b40,8556800,0.085568,2500.0,Regular
2023-07-26T04:17:18.325Z,XBTUSD,Sell,86000,29216.5,ZeroPlusTick,d77d511a-4b4f-ab7f-006c-fb9bc7d5f771,294353920,2.9435392,86000.0,Regular
2023-07-26T04:17:18.325Z,XBTUSD,Sell,17300,29216.5,ZeroPlusTick,d9554c06-8764-7695-c46b-f3b0dc60fa97,59213056,0.59213056,17300.0,Regular
2023-07-26T04:17:18.325Z,XBTUSD,Sell,4100,29216.5,ZeroPlusTick,598a5b59-6aac-0e2c-1f03-26240ba3704c,14033152,0.14033152,4100.0,Regular
2023-07-26T04:17:18.325Z,XBTUSD,Sell,3700,29216.5,ZeroPlusTick,4bf6546e-37a6-92ab-d53e-1ebd370e16d2,12664064,0.12664064,3700.0,Regular
2023-07-26T04:17:18.382Z,XBTUSD,Sell,400,29216.5,ZeroPlusTick,e2e6285c-2600-2060-4aaf-1ca12a03b50a,1369088,0.01369088,400.0,Regular
2023-07-26T04:17:18.382Z,XBTUSD,Sell,100,29216.5,ZeroPlusTick,45a91f8f-6ec4-c129-dda4-e50003297b45,342272,0.00342272,100.0,Regular
2023-07-26T04:17:18.382Z,XBTUSD,Sell,600,29216.5,ZeroPlusTick,38d0f4af-c36c-4592-2088-8e31df67c185,2053632,0.02053632,600.0,Regular
2023-07-26T04:17:18.382Z,XBTUSD,Sell,100,29216.5,ZeroPlusTick,13951d88-77e4-586f-2118-e07710cfaf69,342272,0.00342272,100.0,Regular
2023-07-26T04:17:18.382Z,XBTUSD,Sell,400,29216.5,ZeroPlusTick,a01b660c-df9a-74b1-4667-920f6994fce6,1369088,0.01369088,400.0,Regular
2023-07-26T04:17:18.382Z,XBTUSD,Sell,300,29216.5,ZeroPlusTick,2d332486-d374-10c7-fe41-3bf176337d91,1026816,0.01026816,300.0,Regular
2023-07-26T04:17:18.387Z,XBTUSD,Sell,1000,29216.5,ZeroPlusTick,04704b3f-7a4f-1d5e-e450-990d14b5d8d8,3422720,0.0342272,1000.0,Regular
2023-07-26T04:17:18.387Z,XBTUSD,Sell,500,29216.5,ZeroPlusTick,77244378-ec20-cd7d-c4db-ec2c4a4ec373,1711360,0.0171136,500.0,Regular
2023-07-26T04:17:18.387Z,XBTUSD,Sell,400,29216.5,ZeroPlusTick,7cef5244-40d4-ef66-c615-91ce2c2c8983,1369088,0.01369088,400.0,Regular
2023-07-26T04:17:18.387Z,XBTUSD,Sell,13000,29216.5,ZeroPlusTick,bbdbb777-91d8-4254-a98f-9af24b56b150,44495360,0.4449536,13000.0,Regular
2023-07-26T04:17:18.387Z,XBTUSD,Sell,6100,29216.5,ZeroPlusTick,e5a07331-43fd-b025-20a3-15918fffdf66,20878592,0.20878592,6100.0,Regular
2023-07-26T04:17:18.387Z,XBTUSD,Sell,17300,29216.5,ZeroPlusTick,7d234ef3-418b-05e5-0f54-4c48ef845de8,59213056,0.59213056,17300.0,Regular
2023-07-26T04:17:18.387Z,XBTUSD,Sell,100,29216.5,ZeroPlusTick,c6fbedc6-62f6-486a-c60f-bf878c554b59,342272,0.00342272,100.0,Regular
2023-07-26T04:17:18.387Z,XBTUSD,Sell,300,29216.5,ZeroPlusTick,1508561c-0f5c-a531-e8e0-a93cc8d1520d,1026816,0.01026816,300.0,Regular
2023-07-26T04:17:18.387Z,XBTUSD,Sell,100,29216.5,ZeroPlusTick,457cdab8-2eed-ed78-81d4-7b5174efaadf,342272,0.00342272,100.0,Regular
2023-07-26T04:17:18.387Z,XBTUSD,Sell,9300,29216.5,ZeroPlusTick,9dc6b08a-d440-5b60-cd70-8f03de5f021c,31831296,0.31831296,9300.0,Regular
2023-07-26T04:17:18.387Z,XBTUSD,Sell,3800,29216.5,ZeroPlusTick,5bc8d49e-c498-c074-478c-583c256af481,13006336,0.13006336,3800.0,Regular
2023-07-26T04:17:18.387Z,XBTUSD,Sell,100,29216.5,ZeroPlusTick,17701eaf-576e-9cfc-f963-c4be1e72e30c,342272,0.00342272,100.0,Regular
2023-07-26T04:17:18.387Z,XBTUSD,Sell,100,29216.5,ZeroPlusTick,d5f8b864-e71f-bdd6-8866-559c4343ff67,342272,0.00342272,100.0,Regular
2023-07-26T04:17:18.387Z,XBTUSD,Sell,100,29216.5,ZeroPlusTick,1973c76f-49e0-4903-6c2c-ffa75aa77159,342272,0.00342272,100.0,Regular
2023-07-26T04:17:18.432Z,XBTUSD,Sell,100,29215.0,MinusTick,9ed5d235-2d26-8c64-bc76-c81b3c8dc01d,342290,0.0034229,100.0,Regular
2023-07-26T04:17:37.262Z,XBTUSD,Sell,500,29213.5,MinusTick,130ae310-e38a-f519-b47b-047f65064867,1711535,0.01711535,500.0,Regular
2023-07-26T04:17:37.262Z,XBTUSD,Sell,5800,29213.5,ZeroMinusTick,8abf2e24-e198-21f1-eb80-f18a6db5de14,19853806,0.19853806,5800.0,Regular
2023-07-26T04:17:37.262Z,XBTUSD,Sell,100,29213.5,ZeroMinusTick,78a36fbd-5417-4c2e-266f-082848266605,342307,0.00342307,100.0,Regular
2023-07-26T04:17:37.262Z,XBTUSD,Sell,100,29213.5,ZeroMinusTick,07c56bad-b386-ee53-0d40-71ae0fb7b14b,342307,0.00342307,100.0,Regular
2023-07-26T04:17:37.262Z,XBTUSD,Sell,300,29213.5,ZeroMinusTick,476000fe-77b2-b258-a169-4a1054396380,1026921,0.01026921,300.0,Regular
2023-07-26T04:17:37.262Z,XBTUSD,Sell,5800,29213.5,ZeroMinusTick,43ffcb61-ae26-af94-7cf0-f1a25f19b8b8,19853806,0.19853806,5800.0,Regular
2023-07-26T04:17:37.262Z,XBTUSD,Sell,20500,29213.5,ZeroMinusTick,bd29629f-08c0-65e7-f63d-55129ed565d7,70172935,0.70172935,20500.0,Regular
2023-07-26T04:17:37.263Z,XBTUSD,Sell,1000,29213.5,ZeroMinusTick,84c9b43e-4041-c078-591b-1faabcf3d47a,3423070,0.0342307,1000.0,Regular
2023-07-26T04:17:37.263Z,XBTUSD,Sell,1100,29213.5,ZeroMinusTick,429aeb00-9183-add5-aeed-79f482fe29ce,3765377,0.03765377,1100.0,Regular
2023-07-26T04:17:37.263Z,XBTUSD,Sell,200,29213.5,ZeroMinusTick,e755b928-1748-2d38-c8e8-6e714c82ce85,684614,0.00684614,200.0,Regular
2023-07-26T04:17:37.263Z,XBTUSD,Sell,5600,29213.5,ZeroMinusTick,afbf7a01-79e4-8586-75b0-62fd50611359,19169192,0.19169192,5600.0,Regular
2023-07-26T04:17:37.263Z,XBTUSD,Sell,2000,29213.5,ZeroMinusTick,7779bac7-ea99-89bd-7c36-db3d0619bef9,6846140,0.0684614,2000.0,Regular
2023-07-26T04:17:37.271Z,XBTUSD,Sell,300,29212.5,MinusTick,27c25a79-eb93-b2b1-c3b0-764690b7a3aa,1026957,0.01026957,300.0,Regular
2023-07-26T04:17:37.275Z,XBTUSD,Sell,200,29212.5,ZeroMinusTick,52bc053c-3479-4390-f94b-56fd1af5a699,684638,0.00684638,200.0,Regular
2023-07-26T04:17:37.275Z,XBTUSD,Sell,300,29211.5,MinusTick,fdc8fef3-6140-da49-84db-0d74eec2fe12,1026993,0.01026993,300.0,Regular
2023-07-26T04:17:37.275Z,XBTUSD,Sell,300,29211.0,MinusTick,aa3aa5eb-aa06-6381-3da1-8846e412c5b6,1027011,0.01027011,300.0,Regular
2023-07-26T04:17:37.275Z,XBTUSD,Sell,20400,29211.0,ZeroMinusTick,896b96ee-0016-9fa2-89fd-cda9dab6d150,69836748,0.69836748,20400.0,Regular
2023-07-26T04:17:37.276Z,XBTUSD,Sell,35500,29211.0,ZeroMinusTick,cce0f89c-223e-f941-5ef4-ad7770222c8b,121529635,1.21529635,35500.0,Regular
2023-07-26T04:17:37.292Z,XBTUSD,Sell,300,29210.5,MinusTick,5d28345b-444b-2e30-5628-51d68c336692,1027029,0.01027029,300.0,Regular
2023-07-26T04:18:18.583Z,XBTUSD,Sell,100,29208.5,MinusTick,8350a191-54fd-677a-5c38-6576540a79a4,342366,0.00342366,100.0,Regular
2023-07-26T04:18:18.583Z,XBTUSD,Sell,400,29208.5,ZeroMinusTick,bb416ac8-46af-4130-edfb-b7cb33b84799,1369464,0.01369464,400.0,Regular
2023-07-26T04:18:18.583Z,XBTUSD,Sell,1200,29208.5,ZeroMinusTick,21c70941-e772-2813-e148-1880df6ba614,4108392,0.04108392,1200.0,Regular
2023-07-26T04:18:18.583Z,XBTUSD,Sell,2400,29208.5,ZeroMinusTick,b4c35820-e07d-becf-c0cb-2c27924e3c46,8216784,0.08216784,2400.0,Regular
2023-07-26T04:18:18.583Z,XBTUSD,Sell,5400,29208.5,ZeroMinusTick,96b1b5a4-7498-db85-068d-bc73bfdf9e83,18487764,0.18487764,5400.0,Regular
2023-07-26T04:18:18.583Z,XBTUSD,Sell,1200,29208.5,ZeroMinusTick,6b4c171d-e460-ae28-3db4-c79fac1b918f,4108392,0.04108392,1200.0,Regular
2023-07-26T04:18:18.583Z,XBTUSD,Sell,1200,29207.5,MinusTick,41df9acc-e991-26dc-218c-001f63f83033,4108536,0.04108536,1200.0,Regular
2023-07-26T04:18:18.653Z,XBTUSD,Sell,42800,29204.5,MinusTick,2667b164-c7bb-45f8-8434-19ddd3b44d4b,146552764,1.46552764,42800.0,Regular
2023-07-26T04:18:18.772Z,XBTUSD,Sell,100,29202.0,MinusTick,b90a08f5-e024-b45f-f2c8-0d0bc001520e,342442,0.00342442,100.0,Regular
2023-07-26T04:18:19.715Z,XBTUSD,Buy,40500,29203.0,PlusTick,5e616738-4f25-ae86-6e5d-2f3d9f5040d4,138684555,1.38684555,40500.0,Regular
2023-07-26T04:18:19.715Z,XBTUSD,Buy,40500,29203.0,ZeroPlusTick,59c5c330-f417-b627-746a-28c5d402ce73,138684555,1.38684555,40500.0,Regular
2023-07-26T04:18:21.548Z,XBTUSD,Buy,100,29205.5,PlusTick,478d4db8-19d5-105e-9d94-87fc97996eb8,342401,0.00342401,100.0,Regular
2023-07-26T04:18:37.294Z,XBTUSD,Sell,100,29205.0,MinusTick,e57a7773-3118-826f-1117-741df5e17b93,342407,0.00342407,100.0,Regular
2023-07-26T04:18:37.294Z,XBTUSD,Sell,300,29205.0,ZeroMinusTick,e5a010be-9f23-c147-e1c7-60691806da60,1027221,0.01027221,300.0,Regular
2023-07-26T04:18:37.294Z,XBTUSD,Sell,300,29205.0,ZeroMinusTick,66aedb94-8c65-7574-a633-f5e7c4a32e35,1027221,0.01027221,300.0,Regular
2023-07-26T04:18:37.294Z,XBTUSD,Sell,500,29205.0,ZeroMinusTick,6fd3b732-aa99-0fdb-32bb-c265d4552458,1712035,0.01712035,500.0,Regular
2023-07-26T04:18:37.294Z,XBTUSD,Sell,1200,29205.0,ZeroMinusTick,aafd2ba0-b2d8-5b13-4ba9-ad7af4a4e0ab,4108884,0.04108884,1200.0,Regular
2023-07-26T04:18:53.867Z,XBTUSD,Buy,700,29202.5,MinusTick,cc88d53a-e5a9-a51d-22db-dd1949f55efc,2397052,0.02397052,700.0,Regular
2023-07-26T04:18:53.867Z,XBTUSD,Buy,800,29202.5,ZeroMinusTick,ffd82471-0ecd-2036-f923-f372228c33f4,2739488,0.02739488,800.0,Regular
2023-07-26T04:19:04.045Z,XBTUSD,Buy,100,29205.5,PlusTick,b3e963f2-651d-035a-c00d-f62313d4ad52,342401,0.00342401,100.0,Regular
2023-07-26T04:19:04.045Z,XBTUSD,Buy,200,29205.5,ZeroPlusTick,b67b3e4d-1fa7-11bd-aad5-8b47066faaf2,684802,0.00684802,200.0,Regular
2023-07-26T04:19:04.045Z,XBTUSD,Buy,55900,29207.5,PlusTick,8f901550-2e65-8031-145a-ad7a0abae1bc,191389302,1.91389302,55900.0,Regular
2023-07-26T04:19:04.069Z,XBTUSD,Buy,300,29209.0,PlusTick,42fdaf69-6963-423e-5f0c-b0e4fef24eef,1027080,0.0102708,300.0,Regular
2023-07-26T04:20:02.037Z,XBTUSD,Buy,1200,29210.5,PlusTick,241bd755-738e-6490-64fd-70a95fae63d0,4108116,0.04108116,1200.0,Regular
2023-07-26T04:20:02.037Z,XBTUSD,Buy,200,29210.5,ZeroPlusTick,48bd2f88-6406-d4c0-3d8b-c6a3d132fcf8,684686,0.00684686,200.0,Regular
2023-07-26T04:20:02.037Z,XBTUSD,Buy,100,29210.5,ZeroPlusTick,8e2dbe3b-551e-62ed-13c5-e59e44d0d581,342343,0.00342343,100.0,Regular
2023-07-26T04:20:04.282Z,XBTUSD,Buy,100,29212.0,PlusTick,e5639939-0c1b-bbe1-30d7-30e66d6605e9,342325,0.00342325,100.0,Regular
2023-07-26T04:20:04.282Z,XBTUSD,Buy,300,29215.5,PlusTick,2a0be6e4-4215-c8c5-b1b3-27202693918f,1026852,0.01026852,300.0,Regular
2023-07-26T04:20:16.624Z,XBTUSD,Buy,100,29217.0,PlusTick,4c93202a-6d14-e3bd-8558-dea92c0d2bf7,342266,0.00342266,100.0,Regular
2023-07-26T04:20:16.624Z,XBTUSD,Buy,100,29217.0,ZeroPlusTick,103e75f0-9ec8-6afb-6bf6-1e46897a2130,342266,0.00342266,100.0,Regular
2023-07-26T04:20:16.624Z,XBTUSD,Buy,700,29217.0,ZeroPlusTick,7e041775-08fd-9511-bb43-2a48ef912543,2395862,0.02395862,700.0,Regular
2023-07-26T04:20:16.624Z,XBTUSD,Buy,55900,29219.0,PlusTick,4a07e282-35ab-92f4-9000-b6b906bc9c15,191313837,1.91313837,55900.0,Regular
2023-07-26T04:20:16.627Z,XBTUSD,Buy,100,29220.0,PlusTick,790bdd6a-15d7-722f-b6f7-0ad2f267dde0,342231,0.00342231,100.0,Regular
2023-07-26T04:20:16.627Z,XBTUSD,Buy,37000,29220.5,PlusTick,a9eb2001-5cf7-f9f4-79b5-c38ac00f2b24,126623250,1.2662325,37000.0,Regular
2023-07-26T04:20:16.633Z,XBTUSD,Buy,43500,29220.5,ZeroPlusTick,48b61d83-6eb9-cb3f-7038-39a4ee755d8f,148867875,1.48867875,43500.0,Regular
2023-07-26T04:20:16.643Z,XBTUSD,Buy,300,29221.0,PlusTick,01ca926e-b983-94c7-4bf7-135a9ded6012,1026660,0.0102666,300.0,Regular
2023-07-26T04:20:16.829Z,XBTUSD,Sell,40500,29222.0,PlusTick,54093442-791e-52d9-609e-fa675ec621c0,138594240,1.3859424,40500.0,Regular
2023-07-26T04:20:16.829Z,XBTUSD,Sell,40500,29222.0,ZeroPlusTick,dfdc3098-2b36-11d8-1aec-d28400f30414,138594240,1.3859424,40500.0,Regular
2023-07-26T04:20:16.829Z,XBTUSD,Sell,70900,29221.0,MinusTick,d83091c0-3e96-c396-caf4-9bf263e49e06,242633980,2.4263398,70900.0,Regular
2023-07-26T04:20:16.829Z,XBTUSD,Sell,5600,29221.0,ZeroMinusTick,2bb4a91f-2a4e-0d10-9c1a-31f7380e26fc,19164320,0.1916432,5600.0,Regular
2023-07-26T04:20:52.519Z,XBTUSD,Sell,1000,29222.0,PlusTick,26b5be00-1916-fd31-91ef-30d16189e2e8,3422080,0.0342208,1000.0,Regular
2023-07-26T04:21:35.178Z,XBTUSD,Sell,17900,29222.0,ZeroPlusTick,096bbcb2-ed01-fa51-7685-5da467f963e8,61255232,0.61255232,17900.0,Regular
2023-07-26T04:21:35.178Z,XBTUSD,Sell,300,29222.0,ZeroPlusTick,d73e525d-b0b1-b9e9-42b8-85216dd16513,1026624,0.01026624,300.0,Regular
2023-07-26T04:21:35.178Z,XBTUSD,Sell,200,29222.0,ZeroPlusTick,ab7256d7-f5d0-36bd-0e6a-9e74c4318a1f,684416,0.00684416,200.0,Regular
2023-07-26T04:21:35.178Z,XBTUSD,Sell,100,29222.0,ZeroPlusTick,614263d1-fb51-65a3-ab52-8a4af4adc68e,342208,0.00342208,100.0,Regular
2023-07-26T04:21:35.178Z,XBTUSD,Sell,100,29222.0,ZeroPlusTick,f42a4219-0754-9ccc-fc37-3bbad47d9e05,342208,0.00342208,100.0,Regular
2023-07-26T04:21:35.178Z,XBTUSD,Sell,100,29222.0,ZeroPlusTick,a059dc96-8fe4-67a3-4d9f-584ad614455a,342208,0.00342208,100.0,Regular
2023-07-26T04:21:35.178Z,XBTUSD,Sell,1300,29222.0,ZeroPlusTick,a1323d00-09de-f19b-b7e6-fb852b60ea7b,4448704,0.04448704,1300.0,Regular
2023-07-26T04:21:35.178Z,XBTUSD,Sell,2600,29222.0,ZeroPlusTick,ce0e8ebe-ca0e-244e-31df-42b85f2926df,8897408,0.08897408,2600.0,Regular
2023-07-26T04:21:35.178Z,XBTUSD,Sell,29700,29222.0,ZeroPlusTick,fd24864e-6dc8-d712-387a-7bd68cb81333,101635776,1.01635776,29700.0,Regular
2023-07-26T04:21:35.186Z,XBTUSD,Sell,11400,29222.0,ZeroPlusTick,f095a43c-f1af-3831-7e0a-2dd2b3eb38a0,39011712,0.39011712,11400.0,Regular
2023-07-26T04:21:35.186Z,XBTUSD,Sell,17500,29222.0,ZeroPlusTick,d19c87ad-0c68-c076-d2f6-a31633aad83b,59886400,0.598864,17500.0,Regular
2023-07-26T04:21:35.186Z,XBTUSD,Sell,4600,29222.0,ZeroPlusTick,ba655d18-dfd4-e76f-a09b-7de3779c64dd,15741568,0.15741568,4600.0,Regular
2023-07-26T04:21:35.186Z,XBTUSD,Sell,1800,29222.0,ZeroPlusTick,ee99578e-5959-92ce-176c-2d2aba29fc10,6159744,0.06159744,1800.0,Regular
2023-07-26T04:21:35.186Z,XBTUSD,Sell,12300,29222.0,ZeroPlusTick,d00327cf-761c-93f0-ec29-25d191a9e21f,42091584,0.42091584,12300.0,Regular
2023-07-26T04:21:35.186Z,XBTUSD,Sell,1000,29222.0,ZeroPlusTick,d3aeada9-8282-f1f9-a484-8f73186fa562,3422080,0.0342208,1000.0,Regular
2023-07-26T04:21:35.186Z,XBTUSD,Sell,19900,29222.0,ZeroPlusTick,ee6bdd86-e3ec-4ad8-9436-6da250c7b768,68099392,0.68099392,19900.0,Regular
2023-07-26T04:21:35.186Z,XBTUSD,Sell,8300,29222.0,ZeroPlusTick,fd37af3e-cee3-d960-c093-5dec91eac678,28403264,0.28403264,8300.0,Regular
2023-07-26T04:21:35.186Z,XBTUSD,Sell,100,29222.0,ZeroPlusTick,e41b8b6e-ad4f-24cb-b93b-1fd0b2554e3f,342208,0.00342208,100.0,Regular
2023-07-26T04:21:35.186Z,XBTUSD,Sell,20000,29222.0,ZeroPlusTick,0784654c-b943-2349-13e4-73da898a6c72,68441600,0.684416,20000.0,Regular
2023-07-26T04:21:35.186Z,XBTUSD,Sell,400,29222.0,ZeroPlusTick,74ff8629-4cb2-82a8-e9c5-be54c8bffc00,1368832,0.01368832,400.0,Regular
2023-07-26T04:21:35.186Z,XBTUSD,Sell,100,29222.0,ZeroPlusTick,dbd42a57-1c9b-c860-365b-33637a6f8396,342208,0.00342208,100.0,Regular
2023-07-26T04:21:56.818Z,XBTUSD,Sell,100,29216.0,MinusTick,715dc7b3-6b58-1fd8-1afd-207a684c0a91,342278,0.00342278,100.0,Regular
2023-07-26T04:21:56.818Z,XBTUSD,Sell,2100,29216.0,ZeroMinusTick,0496fe61-3c0e-ff62-f403-de4129f8e61b,7187838,0.07187838,2100.0,Regular
2023-07-26T04:21:56.818Z,XBTUSD,Sell,1000,29216.0,ZeroMinusTick,e5c37ef6-b819-6a09-4e8f-86077023467b,3422780,0.0342278,1000.0,Regular
2023-07-26T04:21:56.825Z,XBTUSD,Sell,4000,29216.0,ZeroMinusTick,be67cce9-686f-ab30-fe5c-06aaf9a1ea37,13691120,0.1369112,4000.0,Regular
2023-07-26T04:21:56.825Z,XBTUSD,Sell,16700,29216.0,ZeroMinusTick,5acde3ee-9cf4-a5ca-2651-6e740f036e13,57160426,0.57160426,16700.0,Regular
2023-07-26T04:21:56.825Z,XBTUSD,Sell,100,29216.0,ZeroMinusTick,fa24cc19-f7ea-a25f-5701-ff67b975894d,342278,0.00342278,100.0,Regular
2023-07-26T04:21:56.825Z,XBTUSD,Sell,10300,29216.0,ZeroMinusTick,2e60db17-b5c2-9024-fa70-850c9adf2d07,35254634,0.35254634,10300.0,Regular
2023-07-26T04:22:02.841Z,XBTUSD,Sell,100,29213.5,MinusTick,9c21589b-f441-ad67-7b5d-962d8dea024d,342307,0.00342307,100.0,Regular
2023-07-26T04:22:02.841Z,XBTUSD,Sell,4400,29213.5,ZeroMinusTick,bcf389cf-2bd3-a15a-6102-1b31507e3387,15061508,0.15061508,4400.0,Regular
2023-07-26T04:22:02.841Z,XBTUSD,Sell,2700,29213.5,ZeroMinusTick,a7599e3f-e1d0-1244-efe4-452f0e1eb359,9242289,0.09242289,2700.0,Regular
2023-07-26T04:22:02.841Z,XBTUSD,Sell,4200,29213.5,ZeroMinusTick,41771595-9112-3628-1194-3f3269f08622,14376894,0.14376894,4200.0,Regular
2023-07-26T04:22:02.841Z,XBTUSD,Sell,100,29213.5,ZeroMinusTick,7aff4ea5-2774-77c0-5b3c-0e3e57de50c0,342307,0.00342307,100.0,Regular
2023-07-26T04:22:02.841Z,XBTUSD,Sell,1400,29213.5,ZeroMinusTick,c355d103-015c-358d-de1d-e4bca5222b09,4792298,0.04792298,1400.0,Regular
2023-07-26T04:22:03.641Z,XBTUSD,Sell,100,29210.5,MinusTick,d4d3274c-4454-948e-6e27-a9e5857dbe92,342343,0.00342343,100.0,Regular
2023-07-26T04:22:14.396Z,XBTUSD,Sell,1200,29208.0,MinusTick,d7228812-84e2-c628-d1ea-aa2386c5ba57,4108464,0.04108464,1200.0,Regular
2023-07-26T04:22:14.396Z,XBTUSD,Sell,500,29208.0,ZeroMinusTick,5e9e68af-a067-24a3-7f4d-b68c260ead72,1711860,0.0171186,500.0,Regular
2023-07-26T04:22:14.396Z,XBTUSD,Sell,500,29208.0,ZeroMinusTick,29e555a8-b2d6-8d1b-9002-cafbf86764f5,1711860,0.0171186,500.0,Regular
2023-07-26T04:22:14.396Z,XBTUSD,Sell,200,29208.0,ZeroMinusTick,344e0c74-cec4-59e3-dae9-f7902de68ee5,684744,0.00684744,200.0,Regular
2023-07-26T04:22:14.396Z,XBTUSD,Sell,400,29208.0,ZeroMinusTick,4a7c0459-5852-2244-a3ed-29448deb402b,1369488,0.01369488,400.0,Regular
2023-07-26T04:22:15.020Z,XBTUSD,Buy,1000,29205.5,MinusTick,0adbbe2c-2b3f-78a7-99bb-75492987754f,3424010,0.0342401,1000.0,Regular
2023-07-26T04:22:34.521Z,XBTUSD,Sell,42700,29205.0,MinusTick,a99bcd6b-98fb-a699-405a-e5a11af9998d,146207789,1.46207789,42700.0,Regular
2023-07-26T04:22:34.521Z,XBTUSD,Sell,100,29205.0,ZeroMinusTick,e90c147f-3b03-14af-fc27-e356a367deb5,342407,0.00342407,100.0,Regular
2023-07-26T04:22:34.521Z,XBTUSD,Sell,200,29205.0,ZeroMinusTick,ebff11a9-e657-904e-2aa2-6f984441d821,684814,0.00684814,200.0,Regular
2023-07-26T04:22:34.521Z,XBTUSD,Sell,55900,29205.0,ZeroMinusTick,ca2995b7-0d5d-342f-8aad-e303ae10bc62,191405513,1.91405513,55900.0,Regular
2023-07-26T04:22:34.521Z,XBTUSD,Sell,1100,29205.0,ZeroMinusTick,0afa4d41-b4e3-4750-eca4-f5014a50c6ca,3766477,0.03766477,1100.0,Regular
2023-07-26T04:22:34.521Z,XBTUSD,Sell,600,29205.0,ZeroMinusTick,6c80508c-cdbf-32ff-5521-a81a3eddddfe,2054442,0.02054442,600.0,Regular
2023-07-26T04:22:34.521Z,XBTUSD,Sell,1100,29205.0,ZeroMinusTick,8720aee7-f450-2276-2f0d-a316ec0e7f3b,3766477,0.03766477,1100.0,Regular
2023-07-26T04:22:34.521Z,XBTUSD,Sell,2800,29205.0,ZeroMinusTick,5f35dce3-c9ab-cb56-78b3-cc49ae14a235,9587396,0.09587396,2800.0,Regular
2023-07-26T04:22:34.541Z,XBTUSD,Sell,12300,29205.0,ZeroMinusTick,1c955599-5173-0dc6-4458-d3e1ec4c43bf,42116061,0.42116061,12300.0,Regular
2023-07-26T04:22:34.551Z,XBTUSD,Sell,5000,29204.5,MinusTick,04c70be6-9e53-5fad-098c-bb0dc74f8033,17120650,0.1712065,5000.0,Regular
2023-07-26T04:22:51.427Z,XBTUSD,Buy,16500,29202.5,MinusTick,5a45a53c-ed6f-ecea-1cdb-013d7d3fee19,56501940,0.5650194,16500.0,Regular
2023-07-26T04:22:51.427Z,XBTUSD,Buy,40500,29202.5,ZeroMinusTick,3e4108a5-d068-e83e-ebb2-40aa3948bcf7,138686580,1.3868658,40500.0,Regular
2023-07-26T04:22:51.427Z,XBTUSD,Buy,22500,29202.5,ZeroMinusTick,f45825bc-1698-ec86-4ea3-ee802586ba0d,77048100,0.770481,22500.0,Regular
2023-07-26T04:22:51.452Z,XBTUSD,Buy,23200,29202.5,ZeroMinusTick,0249916c-5a90-4aa7-2dcc-987ab543b626,79445152,0.79445152,23200.0,Regular
2023-07-26T04:22:51.452Z,XBTUSD,Buy,100,29202.5,ZeroMinusTick,a4dece85-d87d-54d7-a6a0-eedc70ba15f7,342436,0.00342436,100.0,Regular
2023-07-26T04:22:51.452Z,XBTUSD,Buy,800,29202.5,ZeroMinusTick,1f0f3da4-e566-6638-b7c9-7cde722fac20,2739488,0.02739488,800.0,Regular
2023-07-26T04:23:14.341Z,XBTUSD,Buy,48100,29203.5,PlusTick,38da4f3f-a781-08ca-1f6a-fe804cc7253a,164706425,1.64706425,48100.0,Regular
2023-07-26T04:23:14.341Z,XBTUSD,Buy,7000,29203.5,ZeroPlusTick,e52cf1f1-4ddc-a5ec-64f2-2768c1537d2d,23969750,0.2396975,7000.0,Regular
2023-07-26T04:23:14.346Z,XBTUSD,Buy,31100,29204.0,PlusTick,45d54a66-b5c3-bec9-23e1-a1d8b022d6db,106492309,1.06492309,31100.0,Regular
2023-07-26T04:23:14.353Z,XBTUSD,Buy,39700,29204.0,ZeroPlusTick,e36dc3ea-c498-ef07-6e73-7535555077c1,135940343,1.35940343,39700.0,Regular
2023-07-26T04:23:14.353Z,XBTUSD,Buy,7500,29204.5,PlusTick,4478f667-5043-0871-080a-ed16fd64f8f6,25680975,0.25680975,7500.0,Regular
2023-07-26T04:23:21.102Z,XBTUSD,Sell,27600,29205.0,PlusTick,52f65ceb-9995-b574-77d9-013346a83fbd,94504332,0.94504332,27600.0,Regular
2023-07-26T04:23:21.102Z,XBTUSD,Sell,70700,29205.0,ZeroPlusTick,9af59c2b-570a-bd0d-a548-1f0b67d47707,242081749,2.42081749,70700.0,Regular
2023-07-26T04:23:21.102Z,XBTUSD,Sell,40500,29205.0,ZeroPlusTick,239e1506-4637-d352-4f95-f9abde51d9c7,138674835,1.38674835,40500.0,Regular
2023-07-26T04:23:21.102Z,XBTUSD,Sell,8700,29205.0,ZeroPlusTick,62720369-1ca1-f732-2a20-8c1260b52c78,29789409,0.29789409,8700.0,Regular
2023-07-26T04:23:21.102Z,XBTUSD,Sell,5200,29205.0,ZeroPlusTick,d5f68214-6092-1ccd-cb41-0deca4390895,17805164,0.17805164,5200.0,Regular
2023-07-26T04:23:21.102Z,XBTUSD,Sell,300,29205.0,ZeroPlusTick,52ed7025-74a5-02af-6ead-f0fcd1732821,1027221,0.01027221,300.0,Regular
2023-07-26T04:23:21.102Z,XBTUSD,Sell,200,29205.0,ZeroPlusTick,f28617a8-6f77-23f4-c0d1-2c31cd2cc474,684814,0.00684814,200.0,Regular
2023-07-26T04:23:21.102Z,XBTUSD,Sell,300,29205.0,ZeroPlusTick,ac472140-0e7a-671f-0f0c-6cf53600027b,1027221,0.01027221,300.0,Regular
2023-07-26T04:23:21.102Z,XBTUSD,Sell,33300,29205.0,ZeroPlusTick,30d8431e-0eaf-df5e-c0c3-896a14dcb5f7,114021531,1.14021531,33300.0,Regular
2023-07-26T04:23:21.102Z,XBTUSD,Sell,100,29205.0,ZeroPlusTick,037455a5-624f-982b-7dba-9cbedd8a9306,342407,0.00342407,100.0,Regular
2023-07-26T04:23:21.102Z,XBTUSD,Sell,70700,29204.5,MinusTick,4806d1cd-a4cc-6efe-f9cc-37af045c155d,242085991,2.42085991,70700.0,Regular
2023-07-26T04:23:21.102Z,XBTUSD,Sell,43200,29204.0,MinusTick,8c117460-06dd-1604-b1ba-6f4304fad51a,147925008,1.47925008,43200.0,Regular
2023-07-26T04:23:21.109Z,XBTUSD,Sell,38500,29203.5,MinusTick,3bbfed92-ddf5-c21c-9577-743e1760cded,131833625,1.31833625,38500.0,Regular
2023-07-26T04:23:21.114Z,XBTUSD,Sell,32200,29203.5,ZeroMinusTick,baf94148-2d1d-e87d-a7b0-ea4c33e60073,110260850,1.1026085,32200.0,Regular
2023-07-26T04:23:31.313Z,XBTUSD,Sell,300,29203.0,MinusTick,b49fcf54-5127-3a96-2d9b-a16ddcd6c7db,1027293,0.01027293,300.0,Regular
2023-07-26T04:23:31.313Z,XBTUSD,Sell,100,29203.0,ZeroMinusTick,5e777652-633c-60ae-b911-e4b36630e16a,342431,0.00342431,100.0,Regular
2023-07-26T04:23:31.313Z,XBTUSD,Sell,18500,29203.0,ZeroMinusTick,be08c3cb-abbc-457f-d6b9-3e76b1ca39a7,63349735,0.63349735,18500.0,Regular
2023-07-26T04:23:31.313Z,XBTUSD,Sell,10600,29203.0,ZeroMinusTick,5af014e9-cbef-8837-73b3-43caccc7cec4,36297686,0.36297686,10600.0,Regular
2023-07-26T04:23:31.313Z,XBTUSD,Sell,100,29202.0,MinusTick,0969960a-b07f-8b26-d923-fc04e2ac1ae1,342442,0.00342442,100.0,Regular
2023-07-26T04:23:31.313Z,XBTUSD,Sell,1200,29201.5,MinusTick,78dc79f6-fbe4-9ba6-fd6c-9c10f47bf8ed,4109376,0.04109376,1200.0,Regular
2023-07-26T04:23:31.313Z,XBTUSD,Sell,9500,29201.0,MinusTick,2f921624-bbaa-43b3-96a4-d64ac4a1e576,32533130,0.3253313,9500.0,Regular
2023-07-26T04:23:31.313Z,XBTUSD,Sell,15100,29200.5,MinusTick,745224be-aea8-d57f-0561-9fa9e4dd534a,51711460,0.5171146,15100.0,Regular
2023-07-26T04:23:31.313Z,XBTUSD,Sell,43600,29200.5,ZeroMinusTick,e5c9ba8b-81f2-3719-c345-61968b61024c,149312560,1.4931256,43600.0,Regular
2023-07-26T04:23:31.313Z,XBTUSD,Sell,100,29200.0,MinusTick,9990a6a1-9a20-f6d7-d773-154f240670b9,342466,0.00342466,100.0,Regular
2023-07-26T04:23:31.313Z,XBTUSD,Sell,100,29200.0,ZeroMinusTick,11e38c3b-ff9c-0795-0d08-76312f3d77fd,342466,0.00342466,100.0,Regular
2023-07-26T04:23:31.313Z,XBTUSD,Sell,300,29200.0,ZeroMinusTick,e6fab501-ad5c-3812-f988-eff944fd4dfd,1027398,0.01027398,300.0,Regular
2023-07-26T04:23:31.313Z,XBTUSD,Sell,15800,29200.0,ZeroMinusTick,dee291c1-efde-5c83-ff42-ed0debe64f50,54109628,0.54109628,15800.0,Regular
2023-07-26T04:23:31.313Z,XBTUSD,Sell,55900,29200.0,ZeroMinusTick,d67d4268-4c16-5f10-50e2-c7611f9fdb13,191438494,1.91438494,55900.0,Regular
2023-07-26T04:23:31.313Z,XBTUSD,Sell,300,29199.5,MinusTick,d871fb8b-34cf-26a5-8417-8c6b29aa9539,1027416,0.01027416,300.0,Regular
2023-07-26T04:23:31.313Z,XBTUSD,Sell,300,29199.0,MinusTick,4569c8aa-4cf2-83ac-a99c-11d25c6d491a,1027431,0.01027431,300.0,Regular
2023-07-26T04:23:31.313Z,XBTUSD,Sell,43300,29199.0,ZeroMinusTick,c77f714e-3976-2dcb-e8aa-b4d1f8f870b5,148292541,1.48292541,43300.0,Regular
2023-07-26T04:23:31.313Z,XBTUSD,Sell,26300,29199.0,ZeroMinusTick,70cc3be1-61c7-8cf7-760c-79c7a35f456c,90071451,0.90071451,26300.0,Regular
2023-07-26T04:23:31.313Z,XBTUSD,Sell,300,29198.5,MinusTick,5c78d3a8-04df-9e2b-4eea-0a23a0c9b517,1027449,0.01027449,300.0,Regular
2023-07-26T04:23:31.313Z,XBTUSD,Sell,300,29198.0,MinusTick,5a02019d-818f-c802-f51e-99fcfad152ac,1027467,0.01027467,300.0,Regular
2023-07-26T04:23:31.313Z,XBTUSD,Sell,2200,29198.0,ZeroMinusTick,a0021f5c-accb-ec99-78ae-c315708dcff3,7534758,0.07534758,2200.0,Regular
2023-07-26T04:23:31.313Z,XBTUSD,Sell,70000,29198.0,ZeroMinusTick,eb022d7c-4952-fdc7-9dad-d19ca9458952,239742300,2.397423,70000.0,Regular
2023-07-26T04:23:31.313Z,XBTUSD,Sell,300,29197.5,MinusTick,7f2aa742-d214-0e75-4cf9-570877b5b79d,1027485,0.01027485,300.0,Regular
2023-07-26T04:23:31.313Z,XBTUSD,Sell,6000,29197.5,ZeroMinusTick,a883c3a4-5746-f29c-59e9-33dc21557359,20549700,0.205497,6000.0,Regular
2023-07-26T04:23:31.313Z,XBTUSD,Sell,500,29197.0,MinusTick,67e062dc-9161-a7b6-f260-d0566c925902,1712505,0.01712505,500.0,Regular
2023-07-26T04:23:31.313Z,XBTUSD,Sell,300,29197.0,ZeroMinusTick,60647a37-37c6-5d62-c116-70c7c1186c04,1027503,0.01027503,300.0,Regular
2023-07-26T04:23:31.313Z,XBTUSD,Sell,25300,29197.0,ZeroMinusTick,9088cd00-cc13-94a6-421d-27931036f6a8,86652753,0.86652753,25300.0,Regular
2023-07-26T04:23:31.313Z,XBTUSD,Sell,19600,29197.0,ZeroMinusTick,094de8ff-a997-77d5-f8af-2a0e27f7a5e7,67130196,0.67130196,19600.0,Regular
2023-07-26T04:23:31.313Z,XBTUSD,Sell,300,29196.5,MinusTick,8416aada-2265-65d2-cfec-c69676b6e5ad,1027521,0.01027521,300.0,Regular
2023-07-26T04:23:31.313Z,XBTUSD,Sell,300,29196.0,MinusTick,ea89fa77-3d47-a237-f116-2035e12482e9,1027539,0.01027539,300.0,Regular
2023-07-26T04:23:31.313Z,XBTUSD,Sell,200,29196.0,ZeroMinusTick,9d124904-31c9-aa55-6c4a-25c502017fdc,685026,0.00685026,200.0,Regular
2023-07-26T04:23:31.313Z,XBTUSD,Sell,8000,29196.0,ZeroMinusTick,11f14c4f-96fb-8ec2-15e5-f9d8a999e07b,27401040,0.2740104,8000.0,Regular
2023-07-26T04:23:31.313Z,XBTUSD,Sell,100,29196.0,ZeroMinusTick,bb794549-a456-2e23-af0c-33777ce8c3a7,342513,0.00342513,100.0,Regular
2023-07-26T04:23:31.313Z,XBTUSD,Sell,10000,29195.0,MinusTick,3b9238c2-4a14-9a87-4abb-b9abb2c85fcb,34252400,0.342524,10000.0,Regular
2023-07-26T04:23:31.313Z,XBTUSD,Sell,8800,29195.0,ZeroMinusTick,1097d53a-1fcc-1664-2d6d-368e20a49bec,30142112,0.30142112,8800.0,Regular
2023-07-26T04:23:31.313Z,XBTUSD,Sell,300,29195.0,ZeroMinusTick,fc27cb8b-d493-bb0b-3b35-8f4e0aed45af,1027572,0.01027572,300.0,Regular
2023-07-26T04:23:31.313Z,XBTUSD,Sell,92900,29195.0,ZeroMinusTick,bedd9ddf-7a80-436a-07bf-9fc379bf28e8,318204796,3.18204796,92900.0,Regular
2023-07-26T04:23:31.428Z,XBTUSD,Sell,5000,29198.5,PlusTick,94ddc04a-abc0-20b6-4b34-4add5b0e16ca,17124150,0.1712415,5000.0,Regular
2023-07-26T04:23:31.428Z,XBTUSD,Sell,3000,29196.5,MinusTick,cd6cdabf-0112-69c2-3204-4a399200058d,10275210,0.1027521,3000.0,Regular
2023-07-26T04:23:31.428Z,XBTUSD,Sell,12400,29195.5,MinusTick,c71a5ec7-58c8-1af5-dab2-209826b763ef,42472356,0.42472356,12400.0,Regular
2023-07-26T04:23:31.428Z,XBTUSD,Sell,9600,29195.0,MinusTick,ffd06b35-fd3b-ed9f-7726-5706aa9fe6e3,32882304,0.32882304,9600.0,Regular
2023-07-26T04:23:33.278Z,XBTUSD,Buy,200,29197.5,PlusTick,4ebce00f-0449-94b7-f81c-a8948ef176e0,684990,0.0068499,200.0,Regular
2023-07-26T04:24:00.940Z,XBTUSD,Buy,1800,29197.5,ZeroPlusTick,02f83956-f63e-d1c3-fe34-5c11ab14324d,6164910,0.0616491,1800.0,Regular
2023-07-26T04:24:00.940Z,XBTUSD,Buy,8900,29197.5,ZeroPlusTick,fe454dd3-0d59-2026-4975-521a45b52401,30482055,0.30482055,8900.0,Regular
2023-07-26T04:24:00.940Z,XBTUSD,Buy,300,29197.5,ZeroPlusTick,c6a39dc6-a983-09c7-cb87-ba229915914e,1027485,0.01027485,300.0,Regular
2023-07-26T04:24:00.940Z,XBTUSD,Buy,100,29197.5,ZeroPlusTick,1cbb10dd-ae26-e1d7-c4dd-fc97dfef2390,342495,0.00342495,100.0,Regular
2023-07-26T04:24:00.940Z,XBTUSD,Buy,100,29197.5,ZeroPlusTick,982c1724-62c1-be0e-df46-4a00cd54abc6,342495,0.00342495,100.0,Regular
2023-07-26T04:24:02.568Z,XBTUSD,Buy,11400,29202.5,PlusTick,7fb1fd92-0a58-d6a7-e06f-b0892e4eddd7,39037704,0.39037704,11400.0,Regular
2023-07-26T04:24:02.596Z,XBTUSD,Buy,4600,29202.5,ZeroPlusTick,b5f52a79-e08a-aede-7ce9-b779e404ac59,15752056,0.15752056,4600.0,Regular
2023-07-26T04:24:02.596Z,XBTUSD,Buy,300,29203.0,PlusTick,611f35cc-a855-52c4-1ebd-d318e6644a4d,1027293,0.01027293,300.0,Regular
2023-07-26T04:24:02.596Z,XBTUSD,Buy,1200,29203.0,ZeroPlusTick,d19f5b61-0633-ec49-c5c1-b7489379c2ec,4109172,0.04109172,1200.0,Regular
2023-07-26T04:24:02.596Z,XBTUSD,Buy,1500,29203.5,PlusTick,28659664-e4ad-1427-08cb-f27f42d24db0,5136375,0.05136375,1500.0,Regular
2023-07-26T04:24:02.596Z,XBTUSD,Buy,300,29203.5,ZeroPlusTick,63f8c1e7-afea-9c01-e874-b8ebf538602f,1027275,0.01027275,300.0,Regular
2023-07-26T04:24:02.596Z,XBTUSD,Buy,300,29204.0,PlusTick,acea58f3-646d-d169-b4c7-fe7f4bbedf9a,1027257,0.01027257,300.0,Regular
2023-07-26T04:24:36.414Z,XBTUSD,Buy,100,29205.5,PlusTick,03828863-dc97-a5d4-75c0-d23f454c16c5,342401,0.00342401,100.0,Regular
2023-07-26T04:24:36.414Z,XBTUSD,Buy,100,29205.5,ZeroPlusTick,6ce8065a-b23e-a3bb-7683-a3d8186ab3f4,342401,0.00342401,100.0,Regular
2023-07-26T04:24:36.414Z,XBTUSD,Buy,1300,29205.5,ZeroPlusTick,9bdb9f87-931f-409a-414c-c190fca22c46,4451213,0.04451213,1300.0,Regular
2023-07-26T04:24:36.414Z,XBTUSD,Buy,100,29205.5,ZeroPlusTick,b1ebb4d9-133a-69b2-ac98-dfb7b3cd1b3f,342401,0.00342401,100.0,Regular
2023-07-26T04:24:36.414Z,XBTUSD,Buy,2600,29205.5,ZeroPlusTick,de63cc79-df21-45d8-1eab-01c9adb6687b,8902426,0.08902426,2600.0,Regular
2023-07-26T04:24:36.414Z,XBTUSD,Buy,1100,29205.5,ZeroPlusTick,0f930b8f-dc40-2021-2495-d1e61085684e,3766411,0.03766411,1100.0,Regular
2023-07-26T04:24:36.414Z,XBTUSD,Buy,500,29205.5,ZeroPlusTick,f61ddc2a-6cc5-7780-fa41-fcb85930d3e7,1712005,0.01712005,500.0,Regular
2023-07-26T04:24:36.439Z,XBTUSD,Buy,1200,29206.0,PlusTick,b9589191-e950-2bba-2e17-c0dd99e8c45c,4108740,0.0410874,1200.0,Regular
2023-07-26T04:27:05.864Z,XBTUSD,Sell,100,29210.0,PlusTick,4ec68c6d-1c65-82bb-3777-1d46f566ab7b,342349,0.00342349,100.0,Regular
2023-07-26T04:27:05.864Z,XBTUSD,Sell,100,29210.0,ZeroPlusTick,4e4bb010-a7f8-f31d-de72-1502abdd82bb,342349,0.00342349,100.0,Regular
2023-07-26T04:27:05.864Z,XBTUSD,Sell,100,29210.0,ZeroPlusTick,fc267e09-a253-742e-5579-ef52883f3b8e,342349,0.00342349,100.0,Regular
2023-07-26T04:27:05.864Z,XBTUSD,Sell,100,29210.0,ZeroPlusTick,d32bfbb4-6375-2ebb-f9cc-f50b0d441421,342349,0.00342349,100.0,Regular
2023-07-26T04:27:05.864Z,XBTUSD,Sell,100,29210.0,ZeroPlusTick,5c0af3d7-7177-5355-283c-dc284edd5eb2,342349,0.00342349,100.0,Regular
2023-07-26T04:27:05.864Z,XBTUSD,Sell,100,29210.0,ZeroPlusTick,e58c9a1f-58e2-c8fa-32f2-db6dca994acc,342349,0.00342349,100.0,Regular
2023-07-26T04:27:05.864Z,XBTUSD,Sell,1200,29210.0,ZeroPlusTick,a58d52a8-cd8b-df9c-f7e4-6a26953df8b9,4108188,0.04108188,1200.0,Regular
2023-07-26T04:27:05.864Z,XBTUSD,Sell,2400,29210.0,ZeroPlusTick,733b63dc-da16-827d-74d0-a41686e211d0,8216376,0.08216376,2400.0,Regular
2023-07-26T04:27:05.864Z,XBTUSD,Sell,700,29210.0,ZeroPlusTick,20a7bef3-3738-4c4e-17c9-ab66a0304e78,2396443,0.02396443,700.0,Regular
2023-07-26T04:27:05.864Z,XBTUSD,Sell,13300,29210.0,ZeroPlusTick,3b29e871-cb11-057c-c31c-4eeed353f3e3,45532417,0.45532417,13300.0,Regular
2023-07-26T04:27:05.864Z,XBTUSD,Sell,600,29210.0,ZeroPlusTick,d6eb18b5-e54d-6e47-5636-469245940187,2054094,0.02054094,600.0,Regular
2023-07-26T04:27:05.864Z,XBTUSD,Sell,300,29210.0,ZeroPlusTick,7c42ec41-79d7-f415-127e-4466ce8c463e,1027047,0.01027047,300.0,Regular
2023-07-26T04:27:05.864Z,XBTUSD,Sell,500,29210.0,ZeroPlusTick,00776624-ac56-f770-6f3e-d7597ef4e808,1711745,0.01711745,500.0,Regular
2023-07-26T04:27:17.210Z,XBTUSD,Buy,200,29206.0,MinusTick,64b51229-f326-2708-c2cf-2a5f5203d3ac,684790,0.0068479,200.0,Regular
2023-07-26T04:27:26.211Z,XBTUSD,Buy,400,29206.0,ZeroMinusTick,7c32b506-2eee-071d-3d10-a8db7b0247a8,1369580,0.0136958,400.0,Regular
2023-07-26T04:27:29.184Z,XBTUSD,Sell,5800,29205.5,MinusTick,ea1d3d3a-6f7a-9d41-e7a4-3f5ad0d3da98,19859258,0.19859258,5800.0,Regular
2023-07-26T04:27:29.184Z,XBTUSD,Sell,17100,29205.5,ZeroMinusTick,4a3e5284-4ded-dbbb-2b47-77879d40c7e9,58550571,0.58550571,17100.0,Regular
2023-07-26T04:27:29.186Z,XBTUSD,Sell,69500,29205.5,ZeroMinusTick,34743563-989c-fa0e-6a9f-81fc22f85b29,237968695,2.37968695,69500.0,Regular
2023-07-26T04:27:29.186Z,XBTUSD,Sell,100,29205.5,ZeroMinusTick,6802c3b4-a774-4feb-d91e-5e59da194b0c,342401,0.00342401,100.0,Regular
2023-07-26T04:27:29.186Z,XBTUSD,Sell,100,29205.5,ZeroMinusTick,99b82d6d-e98c-641e-83f1-9af4a3714e04,342401,0.00342401,100.0,Regular
2023-07-26T04:27:29.186Z,XBTUSD,Sell,100,29205.5,ZeroMinusTick,4557f92d-c642-8fed-d819-95f9d7351eb4,342401,0.00342401,100.0,Regular
2023-07-26T04:27:29.186Z,XBTUSD,Sell,9300,29205.5,ZeroMinusTick,49a4184d-995b-7384-efa2-a82ed85d9fed,31843293,0.31843293,9300.0,Regular
2023-07-26T04:27:29.189Z,XBTUSD,Sell,55900,29204.5,MinusTick,330392f5-03fd-9a5a-d0e3-b1537d56b516,191408867,1.91408867,55900.0,Regular
2023-07-26T04:27:39.097Z,XBTUSD,Buy,2000,29202.5,MinusTick,004f2425-c3dd-82a0-a2b4-450a88fbd860,6848720,0.0684872,2000.0,Regular
2023-07-26T04:27:46.882Z,XBTUSD,Sell,100,29202.0,MinusTick,a6165296-947c-0e17-786c-8aa9b7d79b36,342442,0.00342442,100.0,Regular
2023-07-26T04:27:46.882Z,XBTUSD,Sell,11300,29202.0,ZeroMinusTick,fa9036f5-5fe5-f311-81cf-fe964f5d4ed8,38695946,0.38695946,11300.0,Regular
2023-07-26T04:27:46.882Z,XBTUSD,Sell,100,29202.0,ZeroMinusTick,aefb2aed-0054-3e60-2085-37df1271d9b3,342442,0.00342442,100.0,Regular
2023-07-26T04:28:03.067Z,XBTUSD,Sell,100,29201.0,MinusTick,64a7e051-a2af-0096-995c-2fb40df6e4ab,342454,0.00342454,100.0,Regular
2023-07-26T04:28:04.098Z,XBTUSD,Sell,100,29201.0,ZeroMinusTick,4fee1b38-5c45-32ba-3416-289e4d3b70c7,342454,0.00342454,100.0,Regular
2023-07-26T04:28:06.849Z,XBTUSD,Buy,26700,29201.5,PlusTick,6c82b59e-517b-9d38-22d3-ece17e68bb89,91433616,0.91433616,26700.0,Regular
2023-07-26T04:28:06.849Z,XBTUSD,Buy,100,29201.5,ZeroPlusTick,5d55242d-c337-7611-62d6-dda2f0d97e26,342448,0.00342448,100.0,Regular
2023-07-26T04:28:06.849Z,XBTUSD,Buy,2300,29201.5,ZeroPlusTick,e1f58d05-2b98-8cac-f892-8d884be72ab3,7876304,0.07876304,2300.0,Regular
2023-07-26T04:28:06.849Z,XBTUSD,Buy,100,29201.5,ZeroPlusTick,cdf14169-96dd-ba20-4985-aa47acd93017,342448,0.00342448,100.0,Regular
2023-07-26T04:28:06.849Z,XBTUSD,Buy,100,29201.5,ZeroPlusTick,5b321dab-39da-f98b-a4d5-a7d92fd77484,342448,0.00342448,100.0,Regular
2023-07-26T04:28:06.849Z,XBTUSD,Buy,700,29201.5,ZeroPlusTick,5d535b0e-2ab6-0b5e-0580-9cca9891080f,2397136,0.02397136,700.0,Regular
2023-07-26T04:28:07.234Z,XBTUSD,Buy,22000,29201.5,ZeroPlusTick,31e8d173-0efb-685a-2588-fdd584eec447,75338560,0.7533856,22000.0,Regular
2023-07-26T04:28:10.773Z,XBTUSD,Sell,100,29201.0,MinusTick,c34b188d-7d04-417f-dfa9-4011eb10095b,342454,0.00342454,100.0,Regular
2023-07-26T04:28:11.781Z,XBTUSD,Sell,100,29201.0,ZeroMinusTick,761c025d-745d-b04f-11f4-a7e3fa04727c,342454,0.00342454,100.0,Regular
2023-07-26T04:28:14.416Z,XBTUSD,Sell,100,29201.0,ZeroMinusTick,c3cab1f2-dfeb-b892-60e7-5f36c8cebb0f,342454,0.00342454,100.0,Regular
2023-07-26T04:28:31.687Z,XBTUSD,Sell,4900,29201.0,ZeroMinusTick,b49c9666-2054-a5a9-0a35-8b9e3b66b596,16780246,0.16780246,4900.0,Regular
2023-07-26T04:28:31.687Z,XBTUSD,Sell,2600,29201.0,ZeroMinusTick,0123acf9-6452-8f7c-dd20-7e13b1c9f224,8903804,0.08903804,2600.0,Regular
2023-07-26T04:28:31.687Z,XBTUSD,Sell,100,29199.0,MinusTick,56764152-45b6-8061-10f4-e62b0fd75698,342477,0.00342477,100.0,Regular
2023-07-26T04:28:31.687Z,XBTUSD,Sell,36800,29198.5,MinusTick,b89109f4-9114-9f7d-563b-e07f8614bdb9,126033744,1.26033744,36800.0,Regular
2023-07-26T04:28:31.695Z,XBTUSD,Sell,19100,29198.5,ZeroMinusTick,80402218-1c2e-b65f-7722-43afda5b78c8,65414253,0.65414253,19100.0,Regular
2023-07-26T04:28:31.720Z,XBTUSD,Sell,10500,29197.5,MinusTick,54da41d9-386b-f62e-770d-741da3dc126f,35961975,0.35961975,10500.0,Regular
2023-07-26T04:28:31.720Z,XBTUSD,Sell,42000,29197.5,ZeroMinusTick,a288ffbe-393b-3e05-573d-2c7274050197,143847900,1.438479,42000.0,Regular
2023-07-26T04:28:31.731Z,XBTUSD,Sell,800,29197.0,MinusTick,19ea6400-5602-eec4-2c7f-d6a564c6dcd3,2740008,0.02740008,800.0,Regular
2023-07-26T04:28:31.750Z,XBTUSD,Sell,800,29196.5,MinusTick,b867c302-85c3-8527-0c94-1c0773c1c7c0,2740056,0.02740056,800.0,Regular
2023-07-26T04:28:31.815Z,XBTUSD,Sell,800,29197.0,PlusTick,529d36b7-c2d4-550e-d5b3-3718ffaaa5e6,2740008,0.02740008,800.0,Regular
2023-07-26T04:28:31.838Z,XBTUSD,Sell,800,29197.0,ZeroPlusTick,1a2e1bff-5d92-ce01-b937-662d0328dbff,2740008,0.02740008,800.0,Regular
2023-07-26T04:28:31.942Z,XBTUSD,Sell,3400,29197.0,ZeroPlusTick,95925ec3-82b5-0981-e26c-e66a7a042081,11645034,0.11645034,3400.0,Regular
2023-07-26T04:28:40.649Z,XBTUSD,Buy,17600,29197.5,PlusTick,5169eb7d-a72d-0c1b-1d0b-f41e9a735601,60279120,0.6027912,17600.0,Regular
2023-07-26T04:28:40.816Z,XBTUSD,Buy,10400,29197.5,ZeroPlusTick,a2d1df93-bfe6-c83c-438f-72c150560b9a,35619480,0.3561948,10400.0,Regular
2023-07-26T04:28:40.816Z,XBTUSD,Buy,4400,29197.5,ZeroPlusTick,5900a2cb-8589-57fc-a857-8de2457a2dca,15069780,0.1506978,4400.0,Regular
2023-07-26T04:28:40.816Z,XBTUSD,Buy,100,29197.5,ZeroPlusTick,a32b41bc-8556-b538-8c73-6f7c837b8499,342495,0.00342495,100.0,Regular
2023-07-26T04:28:40.816Z,XBTUSD,Buy,13500,29197.5,ZeroPlusTick,ac8a557d-ac7f-768e-d613-1915f1d99e07,46236825,0.46236825,13500.0,Regular
2023-07-26T04:28:40.816Z,XBTUSD,Buy,600,29197.5,ZeroPlusTick,c206b50b-7c64-89a1-9b50-cb5709ae628d,2054970,0.0205497,600.0,Regular
2023-07-26T04:28:40.816Z,XBTUSD,Buy,100,29197.5,ZeroPlusTick,f3eeb84e-bc4d-3919-61f4-c994a9f9ab24,342495,0.00342495,100.0,Regular
2023-07-26T04:28:40.816Z,XBTUSD,Buy,200,29197.5,ZeroPlusTick,ee7d118e-f2b2-a8e9-363a-0ba6062651ce,684990,0.0068499,200.0,Regular
2023-07-26T04:28:40.816Z,XBTUSD,Buy,600,29197.5,ZeroPlusTick,dd95e38c-814d-7ded-79a7-be071981e692,2054970,0.0205497,600.0,Regular
2023-07-26T04:28:40.816Z,XBTUSD,Buy,3900,29197.5,ZeroPlusTick,cf5bb4a4-256e-b120-c7a2-82557066c344,13357305,0.13357305,3900.0,Regular
2023-07-26T04:28:40.816Z,XBTUSD,Buy,14300,29197.5,ZeroPlusTick,b5cf3714-b282-5961-acbc-e808a521125e,48976785,0.48976785,14300.0,Regular
2023-07-26T04:28:42.204Z,XBTUSD,Buy,20400,29201.5,PlusTick,de3a203d-a052-c765-2ba2-1ad12186139d,69859392,0.69859392,20400.0,Regular
2023-07-26T04:28:42.204Z,XBTUSD,Buy,400,29201.5,ZeroPlusTick,da1cbf92-f7c4-f2f8-1c1f-098ed9961fde,1369792,0.01369792,400.0,Regular
2023-07-26T04:28:42.204Z,XBTUSD,Buy,600,29201.5,ZeroPlusTick,5b82d6da-dec7-129f-2d4d-d4d9f5a2aff1,2054688,0.02054688,600.0,Regular
2023-07-26T04:28:42.204Z,XBTUSD,Buy,5800,29201.5,ZeroPlusTick,c2ffa70b-6125-d53f-8f7a-f004f470722a,19861984,0.19861984,5800.0,Regular
2023-07-26T04:29:11.941Z,XBTUSD,Sell,3100,29205.0,PlusTick,e9e3bcc5-322b-7a41-396a-95eaadd30c2c,10614617,0.10614617,3100.0,Regular
2023-07-26T04:29:14.705Z,XBTUSD,Sell,3100,29205.0,ZeroPlusTick,5ce284f9-8af2-a9fb-4bc5-11d50d6cef81,10614617,0.10614617,3100.0,Regular
2023-07-26T04:31:09.195Z,XBTUSD,Buy,100,29205.5,PlusTick,4ff88053-9176-71c0-83f7-73ad804bb940,342401,0.00342401,100.0,Regular
2023-07-26T04:31:09.195Z,XBTUSD,Buy,100,29205.5,ZeroPlusTick,fbdbb9fd-2c75-6345-2be2-bbb49e8fd777,342401,0.00342401,100.0,Regular
2023-07-26T04:31:09.195Z,XBTUSD,Buy,100,29205.5,ZeroPlusTick,7e53227d-d2b2-8cb6-8e64-02e67d71cbdd,342401,0.00342401,100.0,Regular
2023-07-26T04:31:09.195Z,XBTUSD,Buy,10400,29205.5,ZeroPlusTick,aec002aa-8be9-ef57-5b32-eee095de3853,35609704,0.35609704,10400.0,Regular
2023-07-26T04:31:09.195Z,XBTUSD,Buy,6500,29205.5,ZeroPlusTick,645ada20-62d4-5c48-7343-448045c0b504,22256065,0.22256065,6500.0,Regular
2023-07-26T04:31:09.195Z,XBTUSD,Buy,100,29205.5,ZeroPlusTick,16069806-af1f-0037-5cc2-b89273ed7ecc,342401,0.00342401,100.0,Regular
2023-07-26T04:31:09.195Z,XBTUSD,Buy,3300,29205.5,ZeroPlusTick,51db7112-87f0-b493-6c50-3bdfd0eb8412,11299233,0.11299233,3300.0,Regular
2023-07-26T04:31:09.195Z,XBTUSD,Buy,1100,29205.5,ZeroPlusTick,16a71156-a47b-6be7-24a9-6f4b35d512e3,3766411,0.03766411,1100.0,Regular
2023-07-26T04:31:09.195Z,XBTUSD,Buy,200,29205.5,ZeroPlusTick,044def6c-cf63-1e9e-d7df-c1f799d85a87,684802,0.00684802,200.0,Regular
2023-07-26T04:31:09.195Z,XBTUSD,Buy,1000,29205.5,ZeroPlusTick,4ac3acaf-9d7e-e619-b3b4-6f62b68c23de,3424010,0.0342401,1000.0,Regular
2023-07-26T04:31:09.195Z,XBTUSD,Buy,100,29205.5,ZeroPlusTick,81eee103-f5f4-98a4-11cc-880497aea1b8,342401,0.00342401,100.0,Regular
2023-07-26T04:31:09.195Z,XBTUSD,Buy,7800,29205.5,ZeroPlusTick,3c11974c-b4fa-15c2-fb94-d1954b753470,26707278,0.26707278,7800.0,Regular
2023-07-26T04:31:09.195Z,XBTUSD,Buy,15600,29205.5,ZeroPlusTick,5b52d799-a7be-7a48-ce54-d2b0bd0804cf,53414556,0.53414556,15600.0,Regular
2023-07-26T04:31:09.195Z,XBTUSD,Buy,200,29205.5,ZeroPlusTick,5b80628c-d600-f928-21ea-522d8a30bfcd,684802,0.00684802,200.0,Regular
2023-07-26T04:31:09.195Z,XBTUSD,Buy,3800,29205.5,ZeroPlusTick,6e27e7ec-b573-ce8e-64b1-21f807e717a6,13011238,0.13011238,3800.0,Regular
2023-07-26T04:31:09.195Z,XBTUSD,Buy,100,29205.5,ZeroPlusTick,e84c679b-f4b7-f00a-5f49-1ad4361ad5a4,342401,0.00342401,100.0,Regular
2023-07-26T04:31:09.195Z,XBTUSD,Buy,100,29205.5,ZeroPlusTick,070902e3-63c3-cd98-6a23-237cca428df0,342401,0.00342401,100.0,Regular
2023-07-26T04:31:09.195Z,XBTUSD,Buy,7900,29205.5,ZeroPlusTick,da24db3f-7832-85e8-9f9f-92528c690c81,27049679,0.27049679,7900.0,Regular
2023-07-26T04:31:09.195Z,XBTUSD,Buy,300,29205.5,ZeroPlusTick,976f80dc-2d46-4bb9-b65a-25ac2630b3d3,1027203,0.01027203,300.0,Regular
2023-07-26T04:31:09.195Z,XBTUSD,Buy,2200,29205.5,ZeroPlusTick,ca8886e5-5908-61fb-6217-422ceb1ce0d4,7532822,0.07532822,2200.0,Regular
2023-07-26T04:31:09.195Z,XBTUSD,Buy,100,29205.5,ZeroPlusTick,dc51d768-b1c4-4468-cbf3-083f75e71995,342401,0.00342401,100.0,Regular
2023-07-26T04:31:09.203Z,XBTUSD,Buy,55900,29206.5,PlusTick,09a61e70-236c-8167-8a8a-2843d324cb45,191396010,1.9139601,55900.0,Regular
2023-07-26T04:31:56.657Z,XBTUSD,Buy,100,29208.5,PlusTick,65ec3597-2495-9c46-2db4-480b06c55d48,342366,0.00342366,100.0,Regular
2023-07-26T04:31:56.657Z,XBTUSD,Buy,600,29208.5,ZeroPlusTick,5c678204-ddaa-2422-73ef-4f43dd74a91e,2054196,0.02054196,600.0,Regular
2023-07-26T04:31:56.657Z,XBTUSD,Buy,100,29208.5,ZeroPlusTick,d43449c9-599a-3cb0-52a0-277a04b0696d,342366,0.00342366,100.0,Regular
2023-07-26T04:31:56.657Z,XBTUSD,Buy,4800,29208.5,ZeroPlusTick,4845f934-d886-d907-8746-e3653919887e,16433568,0.16433568,4800.0,Regular
2023-07-26T04:31:56.657Z,XBTUSD,Buy,200,29208.5,ZeroPlusTick,2f8b419f-9d5f-0929-4af5-873e62fd85ac,684732,0.00684732,200.0,Regular
2023-07-26T04:31:56.657Z,XBTUSD,Buy,3800,29208.5,ZeroPlusTick,fe3dd2b5-f818-7314-87ae-bc790b7ba5b9,13009908,0.13009908,3800.0,Regular
2023-07-26T04:31:56.657Z,XBTUSD,Buy,1300,29208.5,ZeroPlusTick,5fa55839-7bc9-d16d-dbc5-12bbc6ed5418,4450758,0.04450758,1300.0,Regular
2023-07-26T04:31:56.657Z,XBTUSD,Buy,1600,29208.5,ZeroPlusTick,37a8fba3-7edc-ac7f-9389-0c7a7f6cf116,5477856,0.05477856,1600.0,Regular
2023-07-26T04:31:56.666Z,XBTUSD,Buy,200,29210.5,PlusTick,20c7411a-ce0a-ea6a-11eb-c988471ec066,684686,0.00684686,200.0,Regular
2023-07-26T04:31:56.666Z,XBTUSD,Buy,200,29210.5,ZeroPlusTick,c020e971-51c4-8702-4e88-a1394b227634,684686,0.00684686,200.0,Regular
2023-07-26T04:31:56.666Z,XBTUSD,Buy,300,29210.5,ZeroPlusTick,e05ee804-6bef-c0a0-7e2d-84f122edd1a9,1027029,0.01027029,300.0,Regular
2023-07-26T04:31:56.666Z,XBTUSD,Buy,300,29211.5,PlusTick,1e73f6be-816e-b112-eeed-52a6b98c2d62,1026993,0.01026993,300.0,Regular
2023-07-26T04:32:54.754Z,XBTUSD,Buy,100,29214.5,PlusTick,b84dd937-2bb4-8986-c824-b25dfc5fe6d9,342296,0.00342296,100.0,Regular
2023-07-26T04:32:54.754Z,XBTUSD,Buy,300,29214.5,ZeroPlusTick,daf030f4-7cfa-9aa2-e670-e9daac704a35,1026888,0.01026888,300.0,Regular
2023-07-26T04:32:54.754Z,XBTUSD,Buy,600,29214.5,ZeroPlusTick,c25cd7f6-9227-3e4c-1a63-acb0fe1e8e61,2053776,0.02053776,600.0,Regular
2023-07-26T04:32:54.754Z,XBTUSD,Buy,400,29214.5,ZeroPlusTick,983ee746-0328-c73b-2164-9e9c4d5b863e,1369184,0.01369184,400.0,Regular
2023-07-26T04:32:54.754Z,XBTUSD,Buy,1100,29214.5,ZeroPlusTick,90b14f5d-13f6-acd8-b448-2ed3d63317f8,3765256,0.03765256,1100.0,Regular
2023-07-26T04:32:54.754Z,XBTUSD,Buy,100,29214.5,ZeroPlusTick,d8ca8f28-bc81-9a9e-762a-0bc482acfaf1,342296,0.00342296,100.0,Regular
2023-07-26T04:32:54.754Z,XBTUSD,Buy,100,29214.5,ZeroPlusTick,4980204e-313c-a093-8c58-b2b848044834,342296,0.00342296,100.0,Regular
2023-07-26T04:32:54.754Z,XBTUSD,Buy,50000,29214.5,ZeroPlusTick,d21eb859-cd0e-f669-87b6-820840f818d9,171148000,1.71148,50000.0,Regular
2023-07-26T04:33:24.704Z,XBTUSD,Buy,200,29218.0,PlusTick,5a66cdb5-e79d-4c57-4c9e-baf41e6b8831,684510,0.0068451,200.0,Regular
2023-07-26T04:33:24.704Z,XBTUSD,Buy,100,29218.0,ZeroPlusTick,dad8d55a-8b7d-4e2d-ff78-3ba82bacc149,342255,0.00342255,100.0,Regular
2023-07-26T04:33:24.704Z,XBTUSD,Buy,200,29218.0,ZeroPlusTick,abb00f2f-b926-c2e6-56e0-1de082a910be,684510,0.0068451,200.0,Regular
2023-07-26T04:33:24.704Z,XBTUSD,Buy,1200,29218.5,PlusTick,3dc2fc72-9e8f-9354-b94a-28a142171dc9,4106988,0.04106988,1200.0,Regular
2023-07-26T04:33:57.898Z,XBTUSD,Sell,10900,29219.5,PlusTick,e50da253-2808-05ec-5180-3acd8d41ed51,37303833,0.37303833,10900.0,Regular
2023-07-26T04:33:57.898Z,XBTUSD,Sell,8800,29219.5,ZeroPlusTick,4e2dfa5d-618e-c159-c110-2c956b29ad21,30116856,0.30116856,8800.0,Regular
2023-07-26T04:33:57.898Z,XBTUSD,Sell,2400,29219.5,ZeroPlusTick,0a381b74-804a-12e2-6457-e01ab6bb6785,8213688,0.08213688,2400.0,Regular
2023-07-26T04:33:57.898Z,XBTUSD,Sell,1200,29219.5,ZeroPlusTick,e08468b6-8ef9-e89b-def4-0dd9ea7d47ae,4106844,0.04106844,1200.0,Regular
2023-07-26T04:33:57.898Z,XBTUSD,Sell,600,29219.5,ZeroPlusTick,61988fe5-e546-f6f9-6aef-646798e00535,2053422,0.02053422,600.0,Regular
2023-07-26T04:33:57.898Z,XBTUSD,Sell,300,29219.5,ZeroPlusTick,410160c9-0068-48b6-5880-20b51048f3b0,1026711,0.01026711,300.0,Regular
2023-07-26T04:33:57.898Z,XBTUSD,Sell,100,29219.5,ZeroPlusTick,4008d7a9-cb27-00fd-b4f3-ce242d6b3687,342237,0.00342237,100.0,Regular
2023-07-26T04:33:57.898Z,XBTUSD,Sell,200,29219.5,ZeroPlusTick,ff0ee9e9-2087-d64c-1efe-b9677cc239c6,684474,0.00684474,200.0,Regular
2023-07-26T04:34:20.617Z,XBTUSD,Sell,100,29217.0,MinusTick,68967813-5772-287d-7fae-63e0176134ff,342266,0.00342266,100.0,Regular
2023-07-26T04:34:20.617Z,XBTUSD,Sell,900,29217.0,ZeroMinusTick,1dd1e76a-ba61-b558-8f9f-8b6e87110db9,3080394,0.03080394,900.0,Regular
2023-07-26T04:34:20.617Z,XBTUSD,Sell,100,29217.0,ZeroMinusTick,0390b074-c0d7-9344-8d13-1e1252e5fd74,342266,0.00342266,100.0,Regular
2023-07-26T04:34:20.617Z,XBTUSD,Sell,200,29217.0,ZeroMinusTick,fe1afd55-5c22-c3d6-2aec-7cf68f520152,684532,0.00684532,200.0,Regular
2023-07-26T04:34:20.617Z,XBTUSD,Sell,800,29217.0,ZeroMinusTick,8d2774bd-bd00-d622-edf3-a5144308545b,2738128,0.02738128,800.0,Regular
2023-07-26T04:34:20.617Z,XBTUSD,Sell,1700,29217.0,ZeroMinusTick,ef2919c1-f576-c576-1436-baf3ec7e49da,5818522,0.05818522,1700.0,Regular
2023-07-26T04:34:20.623Z,XBTUSD,Sell,700,29217.0,ZeroMinusTick,d0b459d6-d566-1705-3992-597f0e64604e,2395862,0.02395862,700.0,Regular
2023-07-26T04:35:01.523Z,XBTUSD,Sell,1200,29215.5,MinusTick,afed3ea9-785d-15a6-c846-154e2ce84d34,4107408,0.04107408,1200.0,Regular
2023-07-26T04:35:01.523Z,XBTUSD,Sell,600,29215.5,ZeroMinusTick,30a9a1ef-c43e-89f6-b863-5db5bd8a373e,2053704,0.02053704,600.0,Regular
2023-07-26T04:35:01.523Z,XBTUSD,Sell,100,29215.5,ZeroMinusTick,7324deda-0bfc-26c8-72cf-0cf3d944d3e0,342284,0.00342284,100.0,Regular
2023-07-26T04:35:01.523Z,XBTUSD,Sell,200,29215.5,ZeroMinusTick,ca12a56f-092e-8019-f9dd-7bb47480d544,684568,0.00684568,200.0,Regular
2023-07-26T04:35:01.523Z,XBTUSD,Sell,100,29215.5,ZeroMinusTick,37192c71-780e-e051-6d5c-b7d409b43e5d,342284,0.00342284,100.0,Regular
2023-07-26T04:35:01.523Z,XBTUSD,Sell,200,29215.5,ZeroMinusTick,32d26c96-128d-e5a6-5b3b-c7982f95c4f7,684568,0.00684568,200.0,Regular
2023-07-26T04:35:01.523Z,XBTUSD,Sell,29200,29215.5,ZeroMinusTick,fd889235-0926-a6a4-707e-4e06722ddfd2,99946928,0.99946928,29200.0,Regular
2023-07-26T04:35:01.640Z,XBTUSD,Sell,100,29214.5,MinusTick,a5f1b538-7da9-3f25-6e67-d4d6ed94f671,342296,0.00342296,100.0,Regular
2023-07-26T04:35:40.574Z,XBTUSD,Sell,100,29211.0,MinusTick,270dc320-aac6-925c-bc94-5d2a50195de4,342337,0.00342337,100.0,Regular
2023-07-26T04:35:40.574Z,XBTUSD,Sell,100,29211.0,ZeroMinusTick,daf10a12-1337-ec86-5daa-f92030ba3de2,342337,0.00342337,100.0,Regular
2023-07-26T04:35:40.574Z,XBTUSD,Sell,100,29211.0,ZeroMinusTick,ca7d9e2d-43be-6d15-7ce9-713301136fb5,342337,0.00342337,100.0,Regular
2023-07-26T04:35:40.574Z,XBTUSD,Sell,2300,29211.0,ZeroMinusTick,71768bf7-88ee-5b1e-07db-f72eb39d6f44,7873751,0.07873751,2300.0,Regular
2023-07-26T04:35:40.574Z,XBTUSD,Sell,1200,29211.0,ZeroMinusTick,1876059c-d0a2-a7f4-6fe1-81a067f9ebee,4108044,0.04108044,1200.0,Regular
2023-07-26T04:35:40.574Z,XBTUSD,Sell,100,29211.0,ZeroMinusTick,1a58ed88-a0e8-fbff-328a-307b841b1617,342337,0.00342337,100.0,Regular
2023-07-26T04:35:40.574Z,XBTUSD,Sell,200,29211.0,ZeroMinusTick,35d7841d-1ec6-2a68-7b58-e069da7ea2a7,684674,0.00684674,200.0,Regular
2023-07-26T04:35:40.574Z,XBTUSD,Sell,100,29211.0,ZeroMinusTick,6d582b1d-e792-3385-792a-5f6229841a14,342337,0.00342337,100.0,Regular
2023-07-26T04:35:40.574Z,XBTUSD,Sell,100,29211.0,ZeroMinusTick,7a8e2816-6c06-bfa1-e2b0-d6d36314039e,342337,0.00342337,100.0,Regular
2023-07-26T04:35:40.574Z,XBTUSD,Sell,100,29211.0,ZeroMinusTick,85a1baf6-29dd-6c2b-2c7f-7a1a7e028994,342337,0.00342337,100.0,Regular
2023-07-26T04:35:40.574Z,XBTUSD,Sell,55900,29211.0,ZeroMinusTick,4e5e200b-0fcd-eae3-9648-402132ebd123,191366383,1.91366383,55900.0,Regular
2023-07-26T04:35:40.574Z,XBTUSD,Sell,40500,29211.0,ZeroMinusTick,8f3f7b53-4937-a781-454e-964cbf62a912,138646485,1.38646485,40500.0,Regular
2023-07-26T04:35:40.574Z,XBTUSD,Sell,2000,29210.0,MinusTick,2f2b85e2-cf73-13c3-8cd6-92328e73ed4b,6846980,0.0684698,2000.0,Regular
2023-07-26T04:35:40.574Z,XBTUSD,Sell,100,29210.0,ZeroMinusTick,4d2bbc90-cdb5-f047-f4e9-15d32e06318c,342349,0.00342349,100.0,Regular
2023-07-26T04:35:40.574Z,XBTUSD,Sell,67700,29209.5,MinusTick,a2c22b87-5220-b8ef-15bb-b71e703d4910,231773658,2.31773658,67700.0,Regular
2023-07-26T04:35:40.574Z,XBTUSD,Sell,1200,29209.0,MinusTick,620645cf-80db-7cdc-c099-c7a349c8ff98,4108320,0.0410832,1200.0,Regular
2023-07-26T04:35:40.574Z,XBTUSD,Sell,28200,29209.0,ZeroMinusTick,0ab7fa8c-2226-d8c8-e668-1e3059b69a0d,96545520,0.9654552,28200.0,Regular
2023-07-26T04:35:45.189Z,XBTUSD,Sell,14300,29209.0,ZeroMinusTick,78add3d5-7113-3178-f528-b754e7cfdcf2,48957480,0.4895748,14300.0,Regular
2023-07-26T04:35:45.189Z,XBTUSD,Sell,5000,29209.0,ZeroMinusTick,6f2d058c-cac5-0cc7-9a17-e8b273b27051,17118000,0.17118,5000.0,Regular
2023-07-26T04:35:45.189Z,XBTUSD,Sell,40500,29209.0,ZeroMinusTick,6b3cdccb-7354-2c8b-88e6-0b48b151050b,138655800,1.386558,40500.0,Regular
2023-07-26T04:35:45.189Z,XBTUSD,Sell,55900,29209.0,ZeroMinusTick,a12cb17d-c00e-d023-4228-37f7ada4c269,191379240,1.9137924,55900.0,Regular
2023-07-26T04:35:45.189Z,XBTUSD,Sell,15800,29209.0,ZeroMinusTick,1ecf060c-9a1a-1f8a-03a5-7f1d3e6a01d7,54092880,0.5409288,15800.0,Regular
2023-07-26T04:35:45.189Z,XBTUSD,Sell,15100,29209.0,ZeroMinusTick,b2540cd0-ce40-348e-a3ab-b008bc4668e0,51696360,0.5169636,15100.0,Regular
2023-07-26T04:35:45.189Z,XBTUSD,Sell,53400,29207.5,MinusTick,e4b18e8f-ad02-d43f-ec54-efbe7c1208e4,182829852,1.82829852,53400.0,Regular
2023-07-26T04:35:59.092Z,XBTUSD,Sell,5000,29208.0,PlusTick,a9adc74a-31bf-30a8-0255-de252351eec6,17118600,0.171186,5000.0,Regular
2023-07-26T04:35:59.092Z,XBTUSD,Sell,69900,29208.0,ZeroPlusTick,4904fa8c-1963-c1e2-fdce-afe047f8b017,239318028,2.39318028,69900.0,Regular
2023-07-26T04:35:59.092Z,XBTUSD,Sell,40500,29208.0,ZeroPlusTick,0939ef35-018d-649c-fa65-7083da602841,138660660,1.3866066,40500.0,Regular
2023-07-26T04:35:59.092Z,XBTUSD,Sell,8000,29208.0,ZeroPlusTick,22fc8d83-3931-9669-103d-bbf885824270,27389760,0.2738976,8000.0,Regular
2023-07-26T04:35:59.092Z,XBTUSD,Sell,100,29208.0,ZeroPlusTick,553861b7-69fc-1c06-48a6-eea8d3eb102d,342372,0.00342372,100.0,Regular
2023-07-26T04:35:59.092Z,XBTUSD,Sell,55900,29208.0,ZeroPlusTick,9b91dbda-3523-3e0d-8ea6-e3c90bea9385,191385948,1.91385948,55900.0,Regular
2023-07-26T04:35:59.092Z,XBTUSD,Sell,8800,29208.0,ZeroPlusTick,2e532deb-a8d2-ce10-58db-28495bd5e38a,30128736,0.30128736,8800.0,Regular
2023-07-26T04:35:59.092Z,XBTUSD,Sell,11800,29208.0,ZeroPlusTick,aeca5fd0-f924-4f35-7bdb-f2c297425433,40399896,0.40399896,11800.0,Regular
2023-07-26T04:36:03.567Z,XBTUSD,Sell,1000,29208.0,ZeroPlusTick,7f4c79d1-81da-f929-52a3-4bbda3b170eb,3423720,0.0342372,1000.0,Regular
2023-07-26T04:36:03.567Z,XBTUSD,Sell,55900,29208.0,ZeroPlusTick,cb41b7fb-3a42-deb2-32a0-0ccbd0cdd26c,191385948,1.91385948,55900.0,Regular
2023-07-26T04:36:03.567Z,XBTUSD,Sell,9800,29208.0,ZeroPlusTick,ff5cac34-3702-ef97-bbd4-bdde0b9d3901,33552456,0.33552456,9800.0,Regular
2023-07-26T04:36:03.567Z,XBTUSD,Sell,40500,29208.0,ZeroPlusTick,dd4f070e-328e-90b1-8f31-f9dbbebd4aad,138660660,1.3866066,40500.0,Regular
2023-07-26T04:36:03.567Z,XBTUSD,Sell,3600,29208.0,ZeroPlusTick,fc4c702f-dd2a-b1d6-35e8-5bb9551a6eaf,12325392,0.12325392,3600.0,Regular
2023-07-26T04:36:03.567Z,XBTUSD,Sell,39500,29208.0,ZeroPlusTick,57b8ad3c-6b6c-eb95-1156-9dcf17a9f6cb,135236940,1.3523694,39500.0,Regular
2023-07-26T04:36:03.567Z,XBTUSD,Sell,15800,29208.0,ZeroPlusTick,d338037d-61a2-4969-eb53-768509a8ca58,54094776,0.54094776,15800.0,Regular
2023-07-26T04:36:03.567Z,XBTUSD,Sell,33900,29207.5,MinusTick,dc0f2356-e74a-7136-8b96-f014022226b5,116066142,1.16066142,33900.0,Regular
2023-07-26T04:36:16.718Z,XBTUSD,Sell,200000,29206.5,MinusTick,c224b8a5-2fbe-2da2-c852-f031bcc2ecd6,684780000,6.8478,200000.0,Regular
2023-07-26T04:36:19.568Z,XBTUSD,Sell,200000,29206.5,ZeroMinusTick,0ca37c46-2040-e91e-c8f6-54e51ce0e360,684780000,6.8478,200000.0,Regular
2023-07-26T04:36:31.547Z,XBTUSD,Sell,166500,29206.5,ZeroMinusTick,4b93306e-4d90-ba9e-844e-72f8e2c84b60,570079350,5.7007935,166500.0,Regular
2023-07-26T04:36:31.547Z,XBTUSD,Sell,100,29205.0,MinusTick,30a8e93a-2ce6-e36f-f123-56b5886063ff,342407,0.00342407,100.0,Regular
2023-07-26T04:36:31.547Z,XBTUSD,Sell,33400,29204.5,MinusTick,5f64e5d5-3372-fd1a-81bd-6edaad9d5786,114365942,1.14365942,33400.0,Regular
2023-07-26T04:36:38.992Z,XBTUSD,Sell,100,29201.5,MinusTick,1db996de-9006-83e5-d89f-4a504d05d20f,342448,0.00342448,100.0,Regular
2023-07-26T04:36:39.047Z,XBTUSD,Sell,100,29200.0,MinusTick,f70caa67-3bad-e982-ff47-0bfc44695bda,342466,0.00342466,100.0,Regular
2023-07-26T04:36:39.047Z,XBTUSD,Sell,100,29200.0,ZeroMinusTick,0691804d-c912-ad44-a5fc-ada6b816b2d3,342466,0.00342466,100.0,Regular
2023-07-26T04:36:43.917Z,XBTUSD,Sell,1200,29197.0,MinusTick,1752f0d9-4731-7fac-bce6-07ab48902d77,4110012,0.04110012,1200.0,Regular
2023-07-26T04:36:43.917Z,XBTUSD,Sell,46400,29197.0,ZeroMinusTick,df05ef91-51f7-418e-ec70-fb3aad1532b1,158920464,1.58920464,46400.0,Regular
2023-07-26T04:36:43.917Z,XBTUSD,Sell,3000,29197.0,ZeroMinusTick,1433c7ee-3474-9343-4796-fded1a80e312,10275030,0.1027503,3000.0,Regular
2023-07-26T04:36:43.917Z,XBTUSD,Sell,30000,29197.0,ZeroMinusTick,664d5bf5-0f37-fadc-f263-f1ccbf76801b,102750300,1.027503,30000.0,Regular
2023-07-26T04:36:43.917Z,XBTUSD,Sell,8800,29197.0,ZeroMinusTick,23711cbb-8d0d-ff8d-23e9-2317a870757d,30140088,0.30140088,8800.0,Regular
2023-07-26T04:36:43.917Z,XBTUSD,Sell,15800,29197.0,ZeroMinusTick,88640a52-71b9-df8c-ecf4-be65ae4465ea,54115158,0.54115158,15800.0,Regular
2023-07-26T04:36:43.917Z,XBTUSD,Sell,12400,29197.0,ZeroMinusTick,a54dd12c-6d74-f275-6345-8a99eae022dc,42470124,0.42470124,12400.0,Regular
2023-07-26T04:36:43.917Z,XBTUSD,Sell,15100,29197.0,ZeroMinusTick,2e588ec0-2660-6b56-1888-820ee8311244,51717651,0.51717651,15100.0,Regular
2023-07-26T04:36:43.917Z,XBTUSD,Sell,55900,29197.0,ZeroMinusTick,e12d9113-05ea-dfbc-298c-80f216430ae1,191458059,1.91458059,55900.0,Regular
2023-07-26T04:36:43.917Z,XBTUSD,Sell,6000,29196.5,MinusTick,5f21e575-1d7a-dfa9-3a20-f85eaa0f8bd3,20550420,0.2055042,6000.0,Regular
2023-07-26T04:36:43.917Z,XBTUSD,Sell,5400,29196.5,ZeroMinusTick,fa699529-6d7e-7255-2b6d-37432902c2b1,18495378,0.18495378,5400.0,Regular
2023-07-26T04:36:48.104Z,XBTUSD,Sell,900,29196.5,ZeroMinusTick,6230cd5e-fe0f-5e62-aa80-086e84b5c5d8,3082563,0.03082563,900.0,Regular
2023-07-26T04:36:48.104Z,XBTUSD,Sell,92500,29196.5,ZeroMinusTick,96f4def6-baa4-559b-4d99-1f114e2357cd,316818975,3.16818975,92500.0,Regular
2023-07-26T04:36:48.104Z,XBTUSD,Sell,30000,29196.5,ZeroMinusTick,7b865732-22b2-8409-8f1b-8a439de7f858,102752100,1.027521,30000.0,Regular
2023-07-26T04:36:48.104Z,XBTUSD,Sell,15100,29196.5,ZeroMinusTick,a156d123-ed57-e972-db5f-c54596ee9fae,51718557,0.51718557,15100.0,Regular
2023-07-26T04:36:48.104Z,XBTUSD,Sell,55900,29196.5,ZeroMinusTick,33ad9236-7753-63e4-c2ce-637b8cbf70cc,191461413,1.91461413,55900.0,Regular
2023-07-26T04:36:48.104Z,XBTUSD,Sell,5600,29196.5,ZeroMinusTick,895c8a1f-6c95-ed02-2a53-00952aa2a61e,19180392,0.19180392,5600.0,Regular
2023-07-26T04:36:49.791Z,XBTUSD,Buy,100,29197.0,PlusTick,0e61cfd9-cc4a-40df-6842-1d0c0b45d5c5,342501,0.00342501,100.0,Regular
2023-07-26T04:36:58.360Z,XBTUSD,Sell,19400,29196.5,MinusTick,ea89c773-104e-bbb6-e1ea-0264c001e68b,66446358,0.66446358,19400.0,Regular
2023-07-26T04:36:58.360Z,XBTUSD,Sell,55900,29196.5,ZeroMinusTick,834cc0f9-6bbb-aabe-73e8-9c6069498acb,191461413,1.91461413,55900.0,Regular
2023-07-26T04:36:58.360Z,XBTUSD,Sell,8800,29196.5,ZeroMinusTick,a8e61952-a918-122f-2a2a-b29ce6af8f7f,30140616,0.30140616,8800.0,Regular
2023-07-26T04:36:58.360Z,XBTUSD,Sell,11900,29196.5,ZeroMinusTick,74e70b1a-8f3c-7826-4246-e95542114462,40758333,0.40758333,11900.0,Regular
2023-07-26T04:36:58.360Z,XBTUSD,Sell,39500,29196.5,ZeroMinusTick,ec835abe-7dc6-58ea-4b59-7809f49f6ae6,135290265,1.35290265,39500.0,Regular
2023-07-26T04:36:58.360Z,XBTUSD,Sell,15800,29196.5,ZeroMinusTick,c6ccd126-ce4d-b3fd-9edc-50d4be3aeca3,54116106,0.54116106,15800.0,Regular
2023-07-26T04:36:58.360Z,XBTUSD,Sell,15100,29196.5,ZeroMinusTick,f88b9073-a29d-88c2-11b5-f88a9b6674ed,51718557,0.51718557,15100.0,Regular
2023-07-26T04:37:24.556Z,XBTUSD,Buy,100,29194.5,MinusTick,e59b0824-277a-6e6c-0101-716dddb783b0,342530,0.0034253,100.0,Regular
2023-07-26T04:37:50.343Z,XBTUSD,Buy,100,29194.5,ZeroMinusTick,2bbfcaab-289f-8787-01e1-47e706c29218,342530,0.0034253,100.0,Regular
2023-07-26T04:37:54.846Z,XBTUSD,Sell,55900,29194.0,MinusTick,07f4359b-7a2d-bf80-26d5-e4955d0c2403,191477624,1.91477624,55900.0,Regular
2023-07-26T04:37:54.846Z,XBTUSD,Sell,500,29194.0,ZeroMinusTick,9b8552de-d525-6751-4235-a8d004bbd342,1712680,0.0171268,500.0,Regular
2023-07-26T04:37:54.846Z,XBTUSD,Sell,500,29194.0,ZeroMinusTick,e0973f8e-5de9-89ed-c684-6ecdf8e11ca8,1712680,0.0171268,500.0,Regular
2023-07-26T04:37:54.846Z,XBTUSD,Sell,500,29194.0,ZeroMinusTick,f7915e27-4065-6364-174c-d0f2ff2cf0cf,1712680,0.0171268,500.0,Regular
2023-07-26T04:37:54.846Z,XBTUSD,Sell,15800,29194.0,ZeroMinusTick,96de68d2-3b9f-f441-9221-c5c35c950141,54120688,0.54120688,15800.0,Regular
2023-07-26T04:37:54.889Z,XBTUSD,Sell,800,29193.5,MinusTick,45928ace-53bd-066a-1c04-f850c02487f1,2740336,0.02740336,800.0,Regular
2023-07-26T04:37:57.139Z,XBTUSD,Buy,200,29192.0,MinusTick,242e054a-9572-142d-3c99-f5e6386aeaa3,685120,0.0068512,200.0,Regular
2023-07-26T04:38:21.242Z,XBTUSD,Sell,100,29191.5,MinusTick,2c0d5726-b969-5b15-6ea3-f4076943208f,342565,0.00342565,100.0,Regular
2023-07-26T04:38:26.876Z,XBTUSD,Sell,100,29191.0,MinusTick,5fedfb2f-6b33-5530-a294-eebdbfcce1e1,342571,0.00342571,100.0,Regular
2023-07-26T04:38:26.876Z,XBTUSD,Sell,100,29191.0,ZeroMinusTick,825e6ca0-dc4c-b70b-b546-8e18acabdaf8,342571,0.00342571,100.0,Regular
2023-07-26T04:38:26.876Z,XBTUSD,Sell,600,29191.0,ZeroMinusTick,2bc143bf-964e-dbae-eec7-b753f5a3b2a8,2055426,0.02055426,600.0,Regular
2023-07-26T04:38:26.883Z,XBTUSD,Sell,55300,29191.0,ZeroMinusTick,8fad9295-5f87-237e-5b77-bac09e5371f3,189441763,1.89441763,55300.0,Regular
2023-07-26T04:38:26.893Z,XBTUSD,Sell,800,29190.5,MinusTick,87eb26d6-b68a-6b66-905d-b0aa19c3f63b,2740616,0.02740616,800.0,Regular
2023-07-26T04:38:26.943Z,XBTUSD,Sell,100,29190.0,MinusTick,94e6f3b4-74a3-ef70-940b-1a2825435f52,342583,0.00342583,100.0,Regular
2023-07-26T04:38:26.943Z,XBTUSD,Sell,800,29190.0,ZeroMinusTick,be1c964f-d101-fd32-35bf-aa660f3f7dd8,2740664,0.02740664,800.0,Regular
2023-07-26T04:38:27.256Z,XBTUSD,Buy,100,29189.0,MinusTick,c28ca1ff-f70d-9f6a-d90d-6abba6ad9fba,342595,0.00342595,100.0,Regular
2023-07-26T04:38:33.526Z,XBTUSD,Sell,15800,29188.5,MinusTick,bea587a8-9de2-3e36-95ec-7f7ecdeab070,54130958,0.54130958,15800.0,Regular
2023-07-26T04:38:33.526Z,XBTUSD,Sell,55900,29188.5,ZeroMinusTick,0aaf8b7f-9daf-94bf-23ff-a61b2b7d2823,191513959,1.91513959,55900.0,Regular
2023-07-26T04:38:33.526Z,XBTUSD,Sell,40500,29188.5,ZeroMinusTick,832501fb-51ad-3d97-9d59-9ce5aa1e4c42,138753405,1.38753405,40500.0,Regular
2023-07-26T04:38:33.526Z,XBTUSD,Sell,44200,29188.5,ZeroMinusTick,bd29b272-7cc1-6850-366a-5bbb042aae35,151429642,1.51429642,44200.0,Regular
2023-07-26T04:38:33.526Z,XBTUSD,Sell,40500,29188.5,ZeroMinusTick,6c560e4e-4a95-0602-dcfa-7e60c0b5d274,138753405,1.38753405,40500.0,Regular
2023-07-26T04:38:33.526Z,XBTUSD,Sell,100,29188.0,MinusTick,e6909040-cb5d-f6bc-3cf9-51058264d128,342607,0.00342607,100.0,Regular
2023-07-26T04:38:33.526Z,XBTUSD,Sell,800,29187.5,MinusTick,1439b950-db69-e742-1d06-488e23f44501,2740896,0.02740896,800.0,Regular
2023-07-26T04:38:33.526Z,XBTUSD,Sell,800,29187.0,MinusTick,9dde90a5-1dc2-c7e8-34d4-03c790bd8ad3,2740944,0.02740944,800.0,Regular
2023-07-26T04:38:33.526Z,XBTUSD,Sell,1400,29187.0,ZeroMinusTick,48d7ddd3-902a-f9ac-21e8-a479009cd785,4796652,0.04796652,1400.0,Regular
2023-07-26T04:39:24.688Z,XBTUSD,Buy,300,29188.5,PlusTick,b995342a-556e-a3b3-afe1-a975fd7ea6b7,1027803,0.01027803,300.0,Regular
2023-07-26T04:39:32.407Z,XBTUSD,Buy,1400,29188.5,ZeroPlusTick,4a136e39-817f-9f9c-9c23-9ccdc5eb556d,4796414,0.04796414,1400.0,Regular
2023-07-26T04:39:32.407Z,XBTUSD,Buy,14400,29188.5,ZeroPlusTick,5795d91b-f1b5-aeb9-54ea-1318386489f8,49334544,0.49334544,14400.0,Regular
2023-07-26T04:39:32.407Z,XBTUSD,Buy,3500,29188.5,ZeroPlusTick,dce1c50d-46d8-0002-e8f7-c5d9e623ed22,11991035,0.11991035,3500.0,Regular
2023-07-26T04:39:32.417Z,XBTUSD,Buy,19500,29188.5,ZeroPlusTick,a9e7bc2e-eedd-ec39-00ae-299cf49c7d3d,66807195,0.66807195,19500.0,Regular
2023-07-26T04:39:37.173Z,XBTUSD,Buy,22800,29188.5,ZeroPlusTick,140614ae-bb86-ed0c-1b3e-68ff71eff248,78113028,0.78113028,22800.0,Regular
2023-07-26T04:39:37.173Z,XBTUSD,Buy,200,29188.5,ZeroPlusTick,5eca559b-2333-03af-85c4-dacf9bd52343,685202,0.00685202,200.0,Regular
2023-07-26T04:39:37.173Z,XBTUSD,Buy,100,29188.5,ZeroPlusTick,69589bae-7b91-72f3-b830-405c75b1945f,342601,0.00342601,100.0,Regular
2023-07-26T04:39:37.173Z,XBTUSD,Buy,100,29188.5,ZeroPlusTick,f17fbea7-0d12-d8e2-3455-37e935dd8517,342601,0.00342601,100.0,Regular
2023-07-26T04:39:37.173Z,XBTUSD,Buy,100,29188.5,ZeroPlusTick,f6b51cf9-a15d-c0f9-4a7a-45fcd78c2fd5,342601,0.00342601,100.0,Regular
2023-07-26T04:39:37.173Z,XBTUSD,Buy,1900,29188.5,ZeroPlusTick,c6ee956e-8ee8-5fa3-f4c1-58b01f944030,6509419,0.06509419,1900.0,Regular
2023-07-26T04:39:37.173Z,XBTUSD,Buy,4600,29188.5,ZeroPlusTick,f5f8ba2d-3ef3-827c-c03b-1d4bcf6e2165,15759646,0.15759646,4600.0,Regular
2023-07-26T04:39:37.173Z,XBTUSD,Buy,100,29188.5,ZeroPlusTick,194be834-3f6c-346c-5022-2cbfbbb61566,342601,0.00342601,100.0,Regular
2023-07-26T04:39:37.500Z,XBTUSD,Buy,100,29188.5,ZeroPlusTick,40ac5cfe-6479-5e8d-8f76-0a6b0748d9d6,342601,0.00342601,100.0,Regular
2023-07-26T04:39:37.500Z,XBTUSD,Buy,400,29188.5,ZeroPlusTick,c08c626b-c88f-64a4-28c5-97e9fdb3aa1b,1370404,0.01370404,400.0,Regular
2023-07-26T04:39:37.500Z,XBTUSD,Buy,100,29188.5,ZeroPlusTick,36a37f7c-4ff6-b28f-83bf-3c5696eeab6f,342601,0.00342601,100.0,Regular
2023-07-26T04:39:37.500Z,XBTUSD,Buy,1900,29188.5,ZeroPlusTick,79c7c82d-57ad-0686-f92b-49726c038b3b,6509419,0.06509419,1900.0,Regular
2023-07-26T04:39:37.504Z,XBTUSD,Buy,2200,29188.5,ZeroPlusTick,9fb44477-7521-329e-2ca4-c945f05eae08,7537222,0.07537222,2200.0,Regular
2023-07-26T04:39:37.505Z,XBTUSD,Buy,600,29188.5,ZeroPlusTick,231171d0-1609-6b52-95df-78730e9fb60a,2055606,0.02055606,600.0,Regular
2023-07-26T04:39:37.508Z,XBTUSD,Buy,100,29188.5,ZeroPlusTick,f18becb9-cbd5-1a79-df77-8bb468aa5381,342601,0.00342601,100.0,Regular
2023-07-26T04:39:37.517Z,XBTUSD,Buy,1000,29188.5,ZeroPlusTick,0b041a04-597f-74d5-ec22-e4ceba94ec93,3426010,0.0342601,1000.0,Regular
2023-07-26T04:39:37.517Z,XBTUSD,Buy,300,29188.5,ZeroPlusTick,b75f81e0-091c-5af8-1a53-8efbd31b5699,1027803,0.01027803,300.0,Regular
2023-07-26T04:39:37.526Z,XBTUSD,Buy,3300,29188.5,ZeroPlusTick,4e675561-fca5-941e-1fe3-9c0146a13c7a,11305833,0.11305833,3300.0,Regular
2023-07-26T04:40:18.116Z,XBTUSD,Buy,1200,29191.0,PlusTick,f0d2eb5c-00cf-82d6-efe9-bc4f8aad1ded,4110852,0.04110852,1200.0,Regular
2023-07-26T04:40:18.116Z,XBTUSD,Buy,100,29191.0,ZeroPlusTick,6037dfbd-aabd-38d6-55d0-13c8a78ca238,342571,0.00342571,100.0,Regular
2023-07-26T04:40:18.116Z,XBTUSD,Buy,2000,29191.0,ZeroPlusTick,68d74fcb-21e7-59f3-797b-30524bebf63e,6851420,0.0685142,2000.0,Regular
2023-07-26T04:40:18.158Z,XBTUSD,Buy,200,29191.0,ZeroPlusTick,e38bd943-31fc-1f4a-bb5b-fdfcb411943d,685142,0.00685142,200.0,Regular
2023-07-26T04:40:18.158Z,XBTUSD,Buy,600,29191.0,ZeroPlusTick,72d96a10-7c24-377e-798a-d1bdd565ebb1,2055426,0.02055426,600.0,Regular
2023-07-26T04:40:18.158Z,XBTUSD,Buy,900,29191.0,ZeroPlusTick,98367694-78bb-c3a8-7e74-ba3bdd0e7d7e,3083139,0.03083139,900.0,Regular
2023-07-26T04:40:18.158Z,XBTUSD,Buy,4900,29191.0,ZeroPlusTick,0f33f652-c512-40ae-96c9-0ca7070837a6,16785979,0.16785979,4900.0,Regular
2023-07-26T04:40:18.161Z,XBTUSD,Buy,2200,29191.0,ZeroPlusTick,74dbc0c6-794f-b2b5-1628-1f16b4a036e9,7536562,0.07536562,2200.0,Regular
2023-07-26T04:40:18.161Z,XBTUSD,Buy,900,29191.0,ZeroPlusTick,427ba013-c3bc-2e90-ca70-f00df8aec508,3083139,0.03083139,900.0,Regular
2023-07-26T04:40:18.161Z,XBTUSD,Buy,100,29191.0,ZeroPlusTick,7a9caa70-2e72-acda-5a6d-19b07ce79bc5,342571,0.00342571,100.0,Regular
2023-07-26T04:40:18.161Z,XBTUSD,Buy,200,29191.0,ZeroPlusTick,c85ce99f-14ee-0916-bbf7-e673d3cdc4f5,685142,0.00685142,200.0,Regular
2023-07-26T04:40:54.646Z,XBTUSD,Buy,100,29191.5,PlusTick,5cb70547-5f77-9613-0c7a-9690898c92b8,342565,0.00342565,100.0,Regular
2023-07-26T04:41:15.735Z,XBTUSD,Buy,200,29191.5,ZeroPlusTick,5bde1d2d-5d9b-c936-2238-e4a14c016bc5,685130,0.0068513,200.0,Regular
2023-07-26T04:41:15.735Z,XBTUSD,Buy,300,29191.5,ZeroPlusTick,2b3f3584-cb7f-1a79-c982-3e96e9f7bec3,1027695,0.01027695,300.0,Regular
2023-07-26T04:41:15.735Z,XBTUSD,Buy,200,29191.5,ZeroPlusTick,bb52ae7d-8740-c9da-e92a-56138930b1c9,685130,0.0068513,200.0,Regular
2023-07-26T04:41:15.735Z,XBTUSD,Buy,1800,29191.5,ZeroPlusTick,99ac8154-24d3-afaa-a702-72a12eb80ab8,6166170,0.0616617,1800.0,Regular
2023-07-26T04:41:15.735Z,XBTUSD,Buy,100,29191.5,ZeroPlusTick,1a232c77-b646-dd08-84e6-df35ab34778d,342565,0.00342565,100.0,Regular
2023-07-26T04:41:15.735Z,XBTUSD,Buy,200,29191.5,ZeroPlusTick,c0763214-77aa-4fb8-cdef-cb13e12c3bb6,685130,0.0068513,200.0,Regular
2023-07-26T04:41:15.735Z,XBTUSD,Buy,100,29194.5,PlusTick,2dce5df9-63c8-f0fd-90e9-1ab40994e90d,342530,0.0034253,100.0,Regular
2023-07-26T04:41:15.735Z,XBTUSD,Buy,27100,29194.5,ZeroPlusTick,f6f82a2a-8839-13f3-e16e-937a1d3c697f,92825630,0.9282563,27100.0,Regular
2023-07-26T04:41:20.673Z,XBTUSD,Buy,22200,29196.0,PlusTick,a42cf964-b408-cd9d-83fc-0a4253bd1e0f,76037886,0.76037886,22200.0,Regular
2023-07-26T04:42:14.903Z,XBTUSD,Buy,1200,29196.0,ZeroPlusTick,9281033c-037d-2769-8606-d93236d05226,4110156,0.04110156,1200.0,Regular
2023-07-26T04:42:14.903Z,XBTUSD,Buy,100,29196.0,ZeroPlusTick,aad651f4-4fca-d6da-a50d-97ab219961cc,342513,0.00342513,100.0,Regular
2023-07-26T04:42:14.903Z,XBTUSD,Buy,400,29196.0,ZeroPlusTick,0fe494c4-be88-fe53-03ee-12c27e58c3e8,1370052,0.01370052,400.0,Regular
2023-07-26T04:42:14.903Z,XBTUSD,Buy,31000,29196.5,PlusTick,bf5c7495-fe4d-e10f-d9ec-98673b6f4d06,106177170,1.0617717,31000.0,Regular
2023-07-26T04:42:16.211Z,XBTUSD,Buy,2600,29196.5,ZeroPlusTick,d40642e2-d126-412f-3049-4b71a9096bc2,8905182,0.08905182,2600.0,Regular
2023-07-26T04:42:37.235Z,XBTUSD,Buy,100,29197.5,PlusTick,eb6c1f4f-1b75-50f0-5a18-71bd4a58e8ca,342495,0.00342495,100.0,Regular
2023-07-26T04:42:37.235Z,XBTUSD,Buy,700,29197.5,ZeroPlusTick,d0d90524-3f09-8308-8359-0d427acd226c,2397465,0.02397465,700.0,Regular
2023-07-26T04:42:47.570Z,XBTUSD,Sell,3800,29197.0,MinusTick,afd2f000-81ca-1767-2dc8-f638ae130df7,13015038,0.13015038,3800.0,Regular
2023-07-26T04:42:47.570Z,XBTUSD,Sell,2600,29197.0,ZeroMinusTick,5bf176c4-d753-c27f-7a3f-65f527497ebe,8905026,0.08905026,2600.0,Regular
2023-07-26T04:42:47.570Z,XBTUSD,Sell,1200,29197.0,ZeroMinusTick,9f971b8c-c7ef-8812-d481-d1681bcc2d98,4110012,0.04110012,1200.0,Regular
2023-07-26T04:42:47.570Z,XBTUSD,Sell,500,29197.0,ZeroMinusTick,184e95f5-8f2f-f4df-230c-9ca5006a512b,1712505,0.01712505,500.0,Regular
2023-07-26T04:42:47.570Z,XBTUSD,Sell,6200,29197.0,ZeroMinusTick,5523a5b1-ad65-1cc5-c41d-b1fc2d01c9a3,21235062,0.21235062,6200.0,Regular
2023-07-26T04:42:47.570Z,XBTUSD,Sell,600,29197.0,ZeroMinusTick,3db4fccb-6201-c0c6-216c-d1f7b1d0d6a4,2055006,0.02055006,600.0,Regular
2023-07-26T04:42:47.570Z,XBTUSD,Sell,100,29197.0,ZeroMinusTick,02bb9187-f135-7587-adf4-76abe0d2cfff,342501,0.00342501,100.0,Regular
2023-07-26T04:42:47.570Z,XBTUSD,Sell,21100,29197.0,ZeroMinusTick,33699fbc-db0b-845d-55b3-8b05d14bc4aa,72267711,0.72267711,21100.0,Regular
2023-07-26T04:42:47.570Z,XBTUSD,Sell,800,29197.0,ZeroMinusTick,9108844d-2368-786b-4a1f-f2bfba1fe116,2740008,0.02740008,800.0,Regular
2023-07-26T04:42:47.570Z,XBTUSD,Sell,100,29197.0,ZeroMinusTick,b8ce905e-36f2-f8d5-a6ad-0f7866eada26,342501,0.00342501,100.0,Regular
2023-07-26T04:42:51.792Z,XBTUSD,Sell,800,29196.5,MinusTick,773a299f-50de-37a5-0e69-570d6fe5e2c5,2740056,0.02740056,800.0,Regular
2023-07-26T04:42:51.792Z,XBTUSD,Sell,5300,29196.5,ZeroMinusTick,8a293851-24f6-983f-a8ce-29c31ac8b03f,18152871,0.18152871,5300.0,Regular
2023-07-26T04:42:51.792Z,XBTUSD,Sell,100,29196.5,ZeroMinusTick,e2dc478d-9509-0c06-3bf9-9e8a110737be,342507,0.00342507,100.0,Regular
2023-07-26T04:42:51.792Z,XBTUSD,Sell,800,29196.0,MinusTick,c41fc042-3187-0dcc-09ae-fc26f1fd7730,2740104,0.02740104,800.0,Regular
2023-07-26T04:42:51.792Z,XBTUSD,Sell,55900,29195.5,MinusTick,1c71cde6-7f46-6b15-c1e0-157bac15b257,191468121,1.91468121,55900.0,Regular
2023-07-26T04:42:51.792Z,XBTUSD,Sell,1000,29195.0,MinusTick,7b0b705d-643e-6884-67da-5d03527bd6fb,3425240,0.0342524,1000.0,Regular
2023-07-26T04:42:51.792Z,XBTUSD,Sell,100,29194.0,MinusTick,9c31abac-9f4a-3290-50d9-e9a57edde86d,342536,0.00342536,100.0,Regular
2023-07-26T04:42:51.792Z,XBTUSD,Sell,62300,29191.0,MinusTick,0fe7bff1-858b-56d5-0637-a46832fc9ca3,213421733,2.13421733,62300.0,Regular
2023-07-26T04:42:51.792Z,XBTUSD,Sell,73700,29190.5,MinusTick,bc8a0316-0408-8613-5bbf-616ea3b0cce0,252479249,2.52479249,73700.0,Regular
2023-07-26T04:42:53.993Z,XBTUSD,Sell,800,29194.0,PlusTick,df214bd5-3fc9-50cf-fd26-218056947b92,2740288,0.02740288,800.0,Regular
2023-07-26T04:42:53.993Z,XBTUSD,Sell,55900,29194.0,ZeroPlusTick,95e9ba8c-4de5-ebaa-37f6-c5992a3a3742,191477624,1.91477624,55900.0,Regular
2023-07-26T04:42:53.993Z,XBTUSD,Sell,800,29193.5,MinusTick,c0ec4d6f-f98b-ef1b-d614-d023522d12c0,2740336,0.02740336,800.0,Regular
2023-07-26T04:42:53.993Z,XBTUSD,Sell,5000,29192.0,MinusTick,599b95fb-42ee-756c-4aab-e8d99004561d,17128000,0.17128,5000.0,Regular
2023-07-26T04:42:56.491Z,XBTUSD,Sell,3000,29191.5,MinusTick,a140e947-ea60-a6e1-e056-a6159e8060c0,10276950,0.1027695,3000.0,Regular
