timestamp,symbol,side,size,price,tickDirection,trdMatchID,grossValue,homeNotional,foreignNotional,trdType
2023-07-22T15:59:43.404Z,XBTUSD,Sell,4200,29900.0,ZeroMinusTick,b147a1b6-44f4-0ba9-f000-88ec172e23e3,14046816,0.14046816,4200.0,Regular
2023-07-22T16:00:05.446Z,XBTUSD,Buy,4600,29900.5,PlusTick,503428a0-7948-d8a4-2eca-f07647d66d25,15384378,0.15384378,4600.0,Regular
2023-07-22T16:00:06.000Z,XBTUSD,Buy,1300,29900.5,ZeroPlusTick,2913d85a-094b-abd2-13ee-61cb8bac9f71,4347759,0.04347759,1300.0,Regular
2023-07-22T16:00:06.159Z,XBTUSD,Buy,69800,29900.5,ZeroPlusTick,388ba730-27eb-4518-6c4c-bfdf56aa0743,233441214,2.33441214,69800.0,Regular
2023-07-22T16:00:06.159Z,XBTUSD,Buy,2200,29900.5,ZeroPlusTick,ddd316ec-d8d1-d55a-b0dd-8a96a2a0d791,7357746,0.07357746,2200.0,Regular
2023-07-22T16:00:06.159Z,XBTUSD,Buy,6100,29900.5,ZeroPlusTick,83bb1a16-0e97-ef02-e03b-7fb07d1fbed5,20401023,0.20401023,6100.0,Regular
2023-07-22T16:00:06.159Z,XBTUSD,Buy,100,29900.5,ZeroPlusTick,82157dee-464d-d799-c84f-b78fb9b3d738,334443,0.00334443,100.0,Regular
2023-07-22T16:00:06.159Z,XBTUSD,Buy,900,29900.5,ZeroPlusTick,b9d54191-2c91-b943-73a0-d128cfbded73,3009987,0.03009987,900.0,Regular
2023-07-22T16:00:06.159Z,XBTUSD,Buy,47700,29900.5,ZeroPlusTick,c1163bf3-7216-9734-e035-240b2a1c6fef,159529311,1.59529311,47700.0,Regular
2023-07-22T16:00:06.159Z,XBTUSD,Buy,29900,29900.5,ZeroPlusTick,ec57cfaa-7c09-f705-e6f6-aac27a0e177b,99998457,0.99998457,29900.0,Regular
2023-07-22T16:00:06.159Z,XBTUSD,Buy,3800,29900.5,ZeroPlusTick,f0253eda-fa7e-dda8-8b14-c10d50906b93,12708834,0.12708834,3800.0,Regular
2023-07-22T16:00:06.159Z,XBTUSD,Buy,30000,29900.5,ZeroPlusTick,a4fea5ae-e292-d5c4-90f8-e1ed57355190,100332900,1.003329,30000.0,Regular
2023-07-22T16:00:06.159Z,XBTUSD,Buy,100,29900.5,ZeroPlusTick,75b96947-3601-7aab-d057-521d55515d87,334443,0.00334443,100.0,Regular
2023-07-22T16:00:35.904Z,XBTUSD,Sell,12000,29901.0,PlusTick,fdf00bf4-6fc2-c795-e05e-49e8671b6eaa,40132440,0.4013244,12000.0,Regular
2023-07-22T16:00:40.605Z,XBTUSD,Buy,1100,29901.5,PlusTick,c118f670-a7c5-c2d7-fc74-4ade09ad0f46,3678741,0.03678741,1100.0,Regular
2023-07-22T16:00:40.605Z,XBTUSD,Buy,100,29901.5,ZeroPlusTick,f1a88ca9-d6e0-f171-46f5-7daba0078be6,334431,0.00334431,100.0,Regular
2023-07-22T16:00:40.605Z,XBTUSD,Buy,4300,29901.5,ZeroPlusTick,5e65bf1f-7863-64f7-5701-ecc98250591d,14380533,0.14380533,4300.0,Regular
2023-07-22T16:01:10.776Z,XBTUSD,Buy,4100,29901.5,ZeroPlusTick,061b8fe6-943f-bd30-ac5d-94cf365f327f,13711671,0.13711671,4100.0,Regular
2023-07-22T16:01:33.527Z,XBTUSD,Sell,11900,29901.0,MinusTick,3ae7d28d-2e39-4d9c-e2b1-95bb54724818,39798003,0.39798003,11900.0,Regular
2023-07-22T16:01:52.552Z,XBTUSD,Buy,5000,29901.5,PlusTick,46559115-2ed2-2b88-cb59-cd152acbe58d,16721550,0.1672155,5000.0,Regular
2023-07-22T16:01:59.783Z,XBTUSD,Buy,5000,29901.5,ZeroPlusTick,e922bef4-62d0-bbbc-36f4-c2221b4e09cc,16721550,0.1672155,5000.0,Regular
2023-07-22T16:02:00.940Z,XBTUSD,Buy,3000,29901.5,ZeroPlusTick,1beb9b6a-c60e-c4fe-7302-86faff39acb0,10032930,0.1003293,3000.0,Regular
2023-07-22T16:02:00.940Z,XBTUSD,Buy,200,29901.5,ZeroPlusTick,5cdadec3-ad74-b799-0900-8c6adc9822ca,668862,0.00668862,200.0,Regular
2023-07-22T16:02:22.990Z,XBTUSD,Buy,20000,29901.5,ZeroPlusTick,8c847c97-beb5-f5f0-c7e3-f0f91aca5c0b,66886200,0.668862,20000.0,Regular
2023-07-22T16:02:39.366Z,XBTUSD,Sell,1200,29901.0,MinusTick,dfbc6b96-2d04-c20b-f0cf-6c47259cee11,4013244,0.04013244,1200.0,Regular
2023-07-22T16:02:48.855Z,XBTUSD,Buy,18300,29901.5,PlusTick,d6892bea-3cc1-bd45-9bf0-9d6e82c7bcd5,61200873,0.61200873,18300.0,Regular
2023-07-22T16:02:48.863Z,XBTUSD,Buy,700,29901.5,ZeroPlusTick,6eb85b29-39d1-55b0-772a-313aa70891d1,2341017,0.02341017,700.0,Regular
2023-07-22T16:02:48.868Z,XBTUSD,Buy,1800,29901.5,ZeroPlusTick,36adc8c3-86ee-01f1-725d-d9d723a1f41f,6019758,0.06019758,1800.0,Regular
2023-07-22T16:02:48.874Z,XBTUSD,Buy,9100,29901.5,ZeroPlusTick,172a6f95-cc79-7af1-4fe3-55ff23c41412,30433221,0.30433221,9100.0,Regular
2023-07-22T16:02:48.874Z,XBTUSD,Buy,30000,29901.5,ZeroPlusTick,5e1b3d3a-3f77-383d-3485-d2bc00f9aab4,100329300,1.003293,30000.0,Regular
2023-07-22T16:02:48.874Z,XBTUSD,Buy,2100,29901.5,ZeroPlusTick,95f43d24-f370-ef92-1d01-78c816661a0c,7023051,0.07023051,2100.0,Regular
2023-07-22T16:02:48.874Z,XBTUSD,Buy,100,29901.5,ZeroPlusTick,2eebc007-692e-9434-6877-13d53fcd7332,334431,0.00334431,100.0,Regular
2023-07-22T16:02:48.874Z,XBTUSD,Buy,900,29901.5,ZeroPlusTick,7b7e5dd9-cf60-9a93-6dfd-c7a4a61ae2d8,3009879,0.03009879,900.0,Regular
2023-07-22T16:02:48.874Z,XBTUSD,Buy,6300,29901.5,ZeroPlusTick,7bfda571-c1df-05e7-eef7-28d1d4cbb9cb,21069153,0.21069153,6300.0,Regular
2023-07-22T16:02:48.874Z,XBTUSD,Buy,9100,29901.5,ZeroPlusTick,58eedd14-7bc3-9151-e6f9-3e10903171b7,30433221,0.30433221,9100.0,Regular
2023-07-22T16:02:48.876Z,XBTUSD,Buy,26500,29901.5,ZeroPlusTick,86cd60ae-28e4-a9d9-f274-aeb84af6261a,88624215,0.88624215,26500.0,Regular
2023-07-22T16:02:48.880Z,XBTUSD,Buy,5700,29901.5,ZeroPlusTick,a2cd93de-4cae-385f-3a78-860bff9dad4f,19062567,0.19062567,5700.0,Regular
2023-07-22T16:02:48.883Z,XBTUSD,Buy,4300,29901.5,ZeroPlusTick,9571d6a3-3f4b-d3d4-e2dc-f6564ae7f482,14380533,0.14380533,4300.0,Regular
2023-07-22T16:02:48.883Z,XBTUSD,Buy,3900,29901.5,ZeroPlusTick,cabf2227-a66a-d176-8dec-cc615a97b21f,13042809,0.13042809,3900.0,Regular
2023-07-22T16:02:48.888Z,XBTUSD,Buy,6100,29901.5,ZeroPlusTick,d55e54a7-d022-cf07-0cdb-4b024fc52b25,20400291,0.20400291,6100.0,Regular
2023-07-22T16:02:48.888Z,XBTUSD,Buy,300,29901.5,ZeroPlusTick,d97eee6f-0130-95dd-2769-40f15f933e70,1003293,0.01003293,300.0,Regular
2023-07-22T16:02:48.888Z,XBTUSD,Buy,10000,29901.5,ZeroPlusTick,91248571-ca3b-de9e-2bf5-1749db6f0d44,33443100,0.334431,10000.0,Regular
2023-07-22T16:02:48.888Z,XBTUSD,Buy,10000,29901.5,ZeroPlusTick,c6199062-9950-7393-e40c-c461637591ac,33443100,0.334431,10000.0,Regular
2023-07-22T16:02:48.888Z,XBTUSD,Buy,10000,29901.5,ZeroPlusTick,7ac49f8e-5de2-8f50-0661-1bcb0c3484ab,33443100,0.334431,10000.0,Regular
2023-07-22T16:02:48.923Z,XBTUSD,Buy,1100,29902.5,PlusTick,f7316dbc-663f-7fa8-99c1-61f63967d5fc,3678620,0.0367862,1100.0,Regular
2023-07-22T16:02:48.923Z,XBTUSD,Buy,100,29902.5,ZeroPlusTick,fc0c580e-1a13-b8f0-b117-8f438fd271ad,334420,0.0033442,100.0,Regular
2023-07-22T16:02:48.923Z,XBTUSD,Buy,100,29902.5,ZeroPlusTick,31ed75d9-24bf-d362-65d4-36b30f32e518,334420,0.0033442,100.0,Regular
2023-07-22T16:02:48.923Z,XBTUSD,Buy,100,29902.5,ZeroPlusTick,06f9056b-9f83-18c3-15e0-36c1b6e8330d,334420,0.0033442,100.0,Regular
2023-07-22T16:02:48.926Z,XBTUSD,Buy,3900,29902.5,ZeroPlusTick,6a8ddf82-aa38-4c4e-f757-ff26c016c29a,13042380,0.1304238,3900.0,Regular
2023-07-22T16:02:48.939Z,XBTUSD,Buy,1100,29902.5,ZeroPlusTick,81633ceb-9d84-9d40-647a-1755acbbe2fa,3678620,0.0367862,1100.0,Regular
2023-07-22T16:03:07.478Z,XBTUSD,Buy,2000,29905.0,PlusTick,0f56fc14-a421-4d5e-e372-6b092d021542,6687840,0.0668784,2000.0,Regular
2023-07-22T16:03:10.289Z,XBTUSD,Buy,3000,29905.0,ZeroPlusTick,a0deeece-3f5d-c2dc-d59a-4c202cbab47b,10031760,0.1003176,3000.0,Regular
2023-07-22T16:03:10.289Z,XBTUSD,Buy,49600,29905.0,ZeroPlusTick,46600c0f-026d-b431-11b7-51ab40f942f0,165858432,1.65858432,49600.0,Regular
2023-07-22T16:03:10.289Z,XBTUSD,Buy,32800,29905.0,ZeroPlusTick,4796b50b-a5a4-c524-d6ba-68eb18146522,109680576,1.09680576,32800.0,Regular
2023-07-22T16:03:10.289Z,XBTUSD,Buy,18300,29905.0,ZeroPlusTick,d10a3870-d58c-5f9a-8843-44002e71f9b2,61193736,0.61193736,18300.0,Regular
2023-07-22T16:03:10.289Z,XBTUSD,Buy,29900,29905.0,ZeroPlusTick,ec044778-d630-14aa-3ac8-0d46897b466b,99983208,0.99983208,29900.0,Regular
2023-07-22T16:03:10.289Z,XBTUSD,Buy,29900,29905.0,ZeroPlusTick,ce473a87-4ee6-4d53-1860-ddc6c1d6a20f,99983208,0.99983208,29900.0,Regular
2023-07-22T16:03:10.289Z,XBTUSD,Buy,10000,29905.0,ZeroPlusTick,b4fca0f9-3b6b-716b-d8e9-292ef3406d3b,33439200,0.334392,10000.0,Regular
2023-07-22T16:03:10.289Z,XBTUSD,Buy,10000,29905.0,ZeroPlusTick,2afebfc9-f6fa-dc50-aef6-0a5c4defb78d,33439200,0.334392,10000.0,Regular
2023-07-22T16:03:10.289Z,XBTUSD,Buy,10000,29905.0,ZeroPlusTick,d019fa43-ba32-7bd1-37bd-cb411e396ea2,33439200,0.334392,10000.0,Regular
2023-07-22T16:03:10.289Z,XBTUSD,Buy,2100,29905.0,ZeroPlusTick,58413ba4-308b-d3e7-f2b0-2f22da9d0df8,7022232,0.07022232,2100.0,Regular
2023-07-22T16:03:10.289Z,XBTUSD,Buy,100,29905.0,ZeroPlusTick,b9209d20-2bfb-523c-6c48-08f0bc6e4e15,334392,0.00334392,100.0,Regular
2023-07-22T16:03:10.289Z,XBTUSD,Buy,36000,29905.0,ZeroPlusTick,a4166524-aa09-72c9-5887-49d4275e9393,120381120,1.2038112,36000.0,Regular
2023-07-22T16:03:10.289Z,XBTUSD,Buy,100,29905.0,ZeroPlusTick,5c3b0baf-9cce-c24e-0d49-50d0cf9a3d9d,334392,0.00334392,100.0,Regular
2023-07-22T16:03:10.289Z,XBTUSD,Buy,2200,29905.5,PlusTick,c00e8743-8546-12fb-9d6b-79406ea2420f,7356514,0.07356514,2200.0,Regular
2023-07-22T16:03:10.289Z,XBTUSD,Buy,100,29906.0,PlusTick,eef37186-fc7a-f4bc-bf99-ea0b776791ed,334381,0.00334381,100.0,Regular
2023-07-22T16:03:10.289Z,XBTUSD,Buy,100,29906.0,ZeroPlusTick,6a093107-8b09-1c09-0600-8b807fa826ee,334381,0.00334381,100.0,Regular
2023-07-22T16:03:10.289Z,XBTUSD,Buy,2200,29906.0,ZeroPlusTick,b1611856-971b-2f56-0504-d8f924a7352a,7356382,0.07356382,2200.0,Regular
2023-07-22T16:03:10.289Z,XBTUSD,Buy,100,29906.0,ZeroPlusTick,5a14adac-0826-c43a-1718-ccbba2dbd2e7,334381,0.00334381,100.0,Regular
2023-07-22T16:03:10.289Z,XBTUSD,Buy,100,29906.5,PlusTick,3df5119f-628d-be50-fb3d-a9574527dd31,334375,0.00334375,100.0,Regular
2023-07-22T16:03:10.289Z,XBTUSD,Buy,85200,29906.5,ZeroPlusTick,963418f5-a97d-f822-4189-fa61d3cc44e3,284887500,2.848875,85200.0,Regular
2023-07-22T16:03:10.289Z,XBTUSD,Buy,300,29907.0,PlusTick,a2d928ae-e186-9b6e-16e8-d1efebaf1d2b,1003110,0.0100311,300.0,Regular
2023-07-22T16:03:10.289Z,XBTUSD,Buy,100,29907.5,PlusTick,2e7b2d86-b142-c770-255f-4f7de1eb0515,334364,0.00334364,100.0,Regular
2023-07-22T16:03:10.289Z,XBTUSD,Buy,8800,29907.5,ZeroPlusTick,7156bdb5-192a-60e6-8e15-e4e3f09b783a,29424032,0.29424032,8800.0,Regular
2023-07-22T16:03:10.289Z,XBTUSD,Buy,300,29907.5,ZeroPlusTick,eb60c6fb-44b6-31c5-dea7-1fff6f5bf382,1003092,0.01003092,300.0,Regular
2023-07-22T16:03:10.289Z,XBTUSD,Buy,17800,29907.5,ZeroPlusTick,cb1a95f5-8dfa-fbd3-6be1-7bac40f80766,59516792,0.59516792,17800.0,Regular
2023-07-22T16:03:10.289Z,XBTUSD,Buy,85200,29908.0,PlusTick,e9512b2a-ff92-31b5-2fc0-e2f80f11e79a,284873868,2.84873868,85200.0,Regular
2023-07-22T16:03:10.289Z,XBTUSD,Buy,56900,29908.0,ZeroPlusTick,79a32405-7f30-26b3-960e-7cdd32a0eafc,190250271,1.90250271,56900.0,Regular
2023-07-22T16:03:10.289Z,XBTUSD,Buy,8900,29908.5,PlusTick,a1bfead8-4f14-a526-5227-0a2434bbe77d,29757417,0.29757417,8900.0,Regular
2023-07-22T16:03:10.289Z,XBTUSD,Buy,85200,29908.5,ZeroPlusTick,0cc313a8-2a6f-d0e6-b26e-1f0a2862eb18,284868756,2.84868756,85200.0,Regular
2023-07-22T16:03:10.289Z,XBTUSD,Buy,29700,29909.0,PlusTick,e7ba196e-25ad-4f46-e56c-82841ed5fba0,99301356,0.99301356,29700.0,Regular
2023-07-22T16:03:10.289Z,XBTUSD,Buy,300,29909.0,ZeroPlusTick,48ebb281-0871-d1ac-1fc3-e2babb922e28,1003044,0.01003044,300.0,Regular
2023-07-22T16:03:10.289Z,XBTUSD,Buy,424400,29909.0,ZeroPlusTick,07324ac4-7db4-0439-cda2-5e11a21fb81f,1418972912,14.18972912,424400.0,Regular
2023-07-22T16:03:10.289Z,XBTUSD,Buy,36000,29909.5,PlusTick,575b448c-e05d-c8d9-16af-2722a8d4d96c,120363120,1.2036312,36000.0,Regular
2023-07-22T16:03:10.289Z,XBTUSD,Buy,12400,29909.5,ZeroPlusTick,969445c8-48ad-b331-4fff-648347920d40,41458408,0.41458408,12400.0,Regular
2023-07-22T16:03:10.289Z,XBTUSD,Buy,300,29909.5,ZeroPlusTick,4f6673df-ddba-4c7a-29ef-38672226f51a,1003026,0.01003026,300.0,Regular
2023-07-22T16:03:10.289Z,XBTUSD,Buy,18100,29909.5,ZeroPlusTick,5078b718-7983-4422-db4c-d55b8c0ab18d,60515902,0.60515902,18100.0,Regular
2023-07-22T16:03:10.289Z,XBTUSD,Buy,12300,29910.0,PlusTick,dca866e1-a5ef-c322-f02f-2171d2dc250a,41123328,0.41123328,12300.0,Regular
2023-07-22T16:03:10.289Z,XBTUSD,Buy,200,29910.0,ZeroPlusTick,ca7afe38-c6d7-e745-99b3-e5bb13315b08,668672,0.00668672,200.0,Regular
2023-07-22T16:03:10.289Z,XBTUSD,Buy,200,29910.0,ZeroPlusTick,44b95107-ba8a-f094-0269-901aba821439,668672,0.00668672,200.0,Regular
2023-07-22T16:03:10.289Z,XBTUSD,Buy,300,29910.0,ZeroPlusTick,f7d230b8-179b-e2ab-21fb-9807e8aa4efe,1003008,0.01003008,300.0,Regular
2023-07-22T16:03:10.307Z,XBTUSD,Sell,1000,29910.0,ZeroPlusTick,7a51649d-fa04-bbf0-8100-7b45ae6f3f37,3343360,0.0334336,1000.0,Regular
2023-07-22T16:03:13.000Z,XBTUSD,Sell,200,29910.0,ZeroPlusTick,935796f7-b795-f44d-3deb-bec42e5ae7bd,668672,0.00668672,200.0,Regular
2023-07-22T16:03:14.547Z,XBTUSD,Buy,200,29910.5,PlusTick,f0cdd119-c833-a188-1017-99a839a3d383,668662,0.00668662,200.0,Regular
2023-07-22T16:03:18.120Z,XBTUSD,Sell,100,29910.0,MinusTick,71c49d2b-e76e-da77-2408-04e1b6813fce,334336,0.00334336,100.0,Regular
2023-07-22T16:03:26.184Z,XBTUSD,Buy,200,29910.5,PlusTick,a0a469f8-6437-27ff-77d4-1f2366fea667,668662,0.00668662,200.0,Regular
2023-07-22T16:03:49.418Z,XBTUSD,Buy,100,29910.5,ZeroPlusTick,f8cea402-e08c-4294-d87e-8ff031da486e,334331,0.00334331,100.0,Regular
2023-07-22T16:03:58.820Z,XBTUSD,Sell,1400,29910.0,MinusTick,eef21e1b-7709-f740-e9c1-9ba4695138d8,4680704,0.04680704,1400.0,Regular
2023-07-22T16:03:59.234Z,XBTUSD,Sell,12000,29910.0,ZeroMinusTick,51ed601d-6776-1036-5e6b-223de5617151,40120320,0.4012032,12000.0,Regular
2023-07-22T16:04:00.213Z,XBTUSD,Sell,100,29910.0,ZeroMinusTick,0e0bd5fc-6953-ccaa-d9c9-4b5cb8801c6b,334336,0.00334336,100.0,Regular
2023-07-22T16:04:02.779Z,XBTUSD,Sell,3300,29910.0,ZeroMinusTick,e4446122-2df3-90b5-fb5e-748b3a93ffd8,11033088,0.11033088,3300.0,Regular
2023-07-22T16:04:03.261Z,XBTUSD,Sell,900,29910.0,ZeroMinusTick,3130c160-e7b0-71cd-6c7f-ed09568a19d6,3009024,0.03009024,900.0,Regular
2023-07-22T16:04:27.907Z,XBTUSD,Sell,2100,29910.0,ZeroMinusTick,3ab588f7-95a8-9471-569e-56612d2d588c,7021056,0.07021056,2100.0,Regular
2023-07-22T16:04:29.236Z,XBTUSD,Sell,1800,29910.0,ZeroMinusTick,da7830d3-7795-32b9-6160-a38c5dcd53c7,6018048,0.06018048,1800.0,Regular
2023-07-22T16:04:30.177Z,XBTUSD,Sell,300,29910.0,ZeroMinusTick,2af6d1cc-5f8b-7c20-4ccb-668607762992,1003008,0.01003008,300.0,Regular
2023-07-22T16:04:32.388Z,XBTUSD,Sell,900,29910.0,ZeroMinusTick,c277e93f-6e8f-cd81-4407-22b1a5042a10,3009024,0.03009024,900.0,Regular
2023-07-22T16:04:33.236Z,XBTUSD,Sell,6900,29910.0,ZeroMinusTick,cc7dee23-8b4e-7621-fdaf-ab2da24203fe,23069184,0.23069184,6900.0,Regular
2023-07-22T16:04:35.551Z,XBTUSD,Sell,100,29910.0,ZeroMinusTick,ec049a91-6f2f-fe65-0a2e-5007272c5939,334336,0.00334336,100.0,Regular
2023-07-22T16:05:20.660Z,XBTUSD,Sell,800,29910.0,ZeroMinusTick,0964bd17-fabf-723e-9975-26ca8acacf6c,2674688,0.02674688,800.0,Regular
2023-07-22T16:06:00.573Z,XBTUSD,Buy,2500,29910.5,PlusTick,95e24bca-cdbb-8f4c-4bfc-c448048d9443,8358275,0.08358275,2500.0,Regular
2023-07-22T16:06:06.175Z,XBTUSD,Buy,15000,29910.5,ZeroPlusTick,bf21a188-f208-dfbd-e500-899d05e84c18,50149650,0.5014965,15000.0,Regular
2023-07-22T16:06:06.240Z,XBTUSD,Buy,1600,29910.5,ZeroPlusTick,0d06f6bc-6797-6928-d97b-a90d65331dc1,5349296,0.05349296,1600.0,Regular
2023-07-22T16:07:13.625Z,XBTUSD,Sell,5000,29910.0,MinusTick,d5551e1f-6741-6f25-c3b1-15dce6f0ba29,16716800,0.167168,5000.0,Regular
2023-07-22T16:07:33.492Z,XBTUSD,Buy,1000,29910.5,PlusTick,effeb932-2238-0be7-a51c-1f10fb200c8f,3343310,0.0334331,1000.0,Regular
2023-07-22T16:07:46.898Z,XBTUSD,Sell,6900,29910.0,MinusTick,a763401a-cc11-5e45-1f73-5d62937846cf,23069184,0.23069184,6900.0,Regular
2023-07-22T16:08:15.782Z,XBTUSD,Sell,5100,29910.0,ZeroMinusTick,85ef8aaf-b94c-58e9-99d1-1d98e26a8637,17051136,0.17051136,5100.0,Regular
2023-07-22T16:08:26.046Z,XBTUSD,Sell,6900,29910.0,ZeroMinusTick,eaf9313a-bf2f-1b79-546a-e6fc5d3fa65e,23069184,0.23069184,6900.0,Regular
2023-07-22T16:08:26.318Z,XBTUSD,Sell,5100,29910.0,ZeroMinusTick,3f58b552-a507-a916-cd99-f9892920e9b3,17051136,0.17051136,5100.0,Regular
2023-07-22T16:08:28.599Z,XBTUSD,Sell,6900,29910.0,ZeroMinusTick,9e69c764-c444-cd46-4232-ee9283d38e4b,23069184,0.23069184,6900.0,Regular
2023-07-22T16:08:32.612Z,XBTUSD,Sell,5000,29910.0,ZeroMinusTick,4db57971-edde-eee7-dba9-a040aa337504,16716800,0.167168,5000.0,Regular
2023-07-22T16:08:35.537Z,XBTUSD,Sell,1800,29910.0,ZeroMinusTick,209ac758-db07-d7d1-c580-4333b81dda2c,6018048,0.06018048,1800.0,Regular
2023-07-22T16:08:36.228Z,XBTUSD,Sell,5100,29910.0,ZeroMinusTick,b45a1a35-70b9-82b3-e9ab-46debea1f8ef,17051136,0.17051136,5100.0,Regular
2023-07-22T16:08:37.620Z,XBTUSD,Sell,6900,29910.0,ZeroMinusTick,febd3ce4-9813-f578-afe3-3ced1106d751,23069184,0.23069184,6900.0,Regular
2023-07-22T16:08:37.751Z,XBTUSD,Sell,6900,29910.0,ZeroMinusTick,2d827399-f702-b0ab-f19a-bfc120523048,23069184,0.23069184,6900.0,Regular
2023-07-22T16:08:51.260Z,XBTUSD,Sell,5100,29910.0,ZeroMinusTick,d02e1e0f-a7b7-c368-0b1b-82b0e1a76ac0,17051136,0.17051136,5100.0,Regular
2023-07-22T16:08:58.765Z,XBTUSD,Sell,11900,29910.0,ZeroMinusTick,aa2ec893-213a-7b80-213d-d0354730ca5a,39785984,0.39785984,11900.0,Regular
2023-07-22T16:09:05.498Z,XBTUSD,Sell,900,29910.0,ZeroMinusTick,6b4a3cf8-03c7-e00e-6017-e8a5a9c48c94,3009024,0.03009024,900.0,Regular
2023-07-22T16:09:08.773Z,XBTUSD,Sell,6000,29910.0,ZeroMinusTick,40d512f9-4b66-11a6-02b4-7939b8e84f00,20060160,0.2006016,6000.0,Regular
2023-07-22T16:09:18.524Z,XBTUSD,Sell,2500,29910.0,ZeroMinusTick,ea853962-35e6-c85b-5793-705c6a14b61d,8358400,0.083584,2500.0,Regular
2023-07-22T16:09:23.799Z,XBTUSD,Sell,2500,29910.0,ZeroMinusTick,9cde2a5e-7359-545b-14a3-92ead1866689,8358400,0.083584,2500.0,Regular
2023-07-22T16:10:21.675Z,XBTUSD,Sell,12000,29910.0,ZeroMinusTick,73d1c4a8-f2ec-e7c3-2671-f2a8f400c4d9,40120320,0.4012032,12000.0,Regular
2023-07-22T16:10:33.289Z,XBTUSD,Sell,6800,29910.0,ZeroMinusTick,7512fbf4-a8e2-6e03-91c9-50d290e1bf44,22734848,0.22734848,6800.0,Regular
2023-07-22T16:10:33.920Z,XBTUSD,Sell,100,29910.0,ZeroMinusTick,e15d1d9b-a91f-1a63-9934-2a9d824e214e,334336,0.00334336,100.0,Regular
2023-07-22T16:10:47.425Z,XBTUSD,Sell,4100,29910.0,ZeroMinusTick,7731191e-db3b-5676-06a4-40fa50f600e7,13707776,0.13707776,4100.0,Regular
2023-07-22T16:10:47.598Z,XBTUSD,Sell,2400,29910.0,ZeroMinusTick,5423bd5e-d402-8959-f4e3-a2fe06f5f3c2,8024064,0.08024064,2400.0,Regular
2023-07-22T16:10:51.789Z,XBTUSD,Sell,2700,29910.0,ZeroMinusTick,098ab838-83b2-6bec-d9c0-e147d7caa690,9027072,0.09027072,2700.0,Regular
2023-07-22T16:10:54.646Z,XBTUSD,Sell,300,29910.0,ZeroMinusTick,2e7c7906-089c-0413-9b14-4b104bfd7de9,1003008,0.01003008,300.0,Regular
2023-07-22T16:10:56.477Z,XBTUSD,Sell,2400,29910.0,ZeroMinusTick,a90a2e1b-efc5-0628-9d37-cbd96d85d69a,8024064,0.08024064,2400.0,Regular
2023-07-22T16:11:06.496Z,XBTUSD,Sell,1500,29910.0,ZeroMinusTick,a4baddf5-a148-d873-93eb-498ee2e34aad,5015040,0.0501504,1500.0,Regular
2023-07-22T16:11:08.410Z,XBTUSD,Sell,8100,29910.0,ZeroMinusTick,654aa890-fbe3-e433-def4-1edafd779373,27081216,0.27081216,8100.0,Regular
2023-07-22T16:11:16.789Z,XBTUSD,Sell,170900,29910.0,ZeroMinusTick,d617dc66-d319-ae3a-7cca-642bd7351e2d,571380224,5.71380224,170900.0,Regular
2023-07-22T16:11:16.791Z,XBTUSD,Sell,179800,29910.0,ZeroMinusTick,12679d0b-ed5e-121f-5f94-efe4c2718d67,601136128,6.01136128,179800.0,Regular
2023-07-22T16:11:16.816Z,XBTUSD,Sell,2500,29910.0,ZeroMinusTick,6cd83be4-b855-214f-f154-4885db882b57,8358400,0.083584,2500.0,Regular
2023-07-22T16:11:16.829Z,XBTUSD,Sell,13300,29910.0,ZeroMinusTick,8d1e0fb1-b024-022f-649f-b3cb5331ef56,44466688,0.44466688,13300.0,Regular
2023-07-22T16:11:17.001Z,XBTUSD,Sell,4100,29910.0,ZeroMinusTick,02b5dd5c-d041-a7f2-b7a2-e1aa43f52a2f,13707776,0.13707776,4100.0,Regular
2023-07-22T16:11:17.023Z,XBTUSD,Sell,13200,29910.0,ZeroMinusTick,68dd824a-6dc8-23dc-dfac-6224bc366088,44132352,0.44132352,13200.0,Regular
2023-07-22T16:11:17.033Z,XBTUSD,Sell,3900,29910.0,ZeroMinusTick,4562c990-12c6-dc01-9dec-e9d476159d64,13039104,0.13039104,3900.0,Regular
2023-07-22T16:11:17.672Z,XBTUSD,Sell,19700,29910.0,ZeroMinusTick,40a5dfab-f137-2dfb-b38e-68b64d9958de,65864192,0.65864192,19700.0,Regular
2023-07-22T16:11:25.331Z,XBTUSD,Sell,300,29910.0,ZeroMinusTick,f7b06171-69f2-1831-6aa7-cde2b48fc671,1003008,0.01003008,300.0,Regular
2023-07-22T16:11:25.361Z,XBTUSD,Sell,9800,29910.0,ZeroMinusTick,eb63215f-8da8-89ac-8155-da099b2cbe0b,32764928,0.32764928,9800.0,Regular
2023-07-22T16:11:26.211Z,XBTUSD,Sell,300,29910.0,ZeroMinusTick,b0c235ff-fb17-10c7-e955-8635669541c4,1003008,0.01003008,300.0,Regular
2023-07-22T16:11:26.274Z,XBTUSD,Sell,300,29910.0,ZeroMinusTick,87d00b4f-dd42-5e12-568c-25953d718906,1003008,0.01003008,300.0,Regular
2023-07-22T16:11:29.924Z,XBTUSD,Sell,1200,29910.0,ZeroMinusTick,f238fbba-c420-f960-e4e4-9b3f3fe8477d,4012032,0.04012032,1200.0,Regular
2023-07-22T16:11:30.391Z,XBTUSD,Sell,29900,29910.0,ZeroMinusTick,68b9183e-539a-be6e-dc1e-f56e23f7f590,99966464,0.99966464,29900.0,Regular
2023-07-22T16:11:35.419Z,XBTUSD,Sell,6000,29910.0,ZeroMinusTick,009bfef1-e6a4-5b3c-7296-d579ea5c69ea,20060160,0.2006016,6000.0,Regular
2023-07-22T16:11:35.430Z,XBTUSD,Sell,12000,29910.0,ZeroMinusTick,455e72bc-4d76-3e7a-f41f-bb6dbed4a876,40120320,0.4012032,12000.0,Regular
2023-07-22T16:11:35.455Z,XBTUSD,Sell,17900,29910.0,ZeroMinusTick,8c89ebbd-3d55-af16-d776-e92899045de4,59846144,0.59846144,17900.0,Regular
2023-07-22T16:11:42.588Z,XBTUSD,Sell,6000,29910.0,ZeroMinusTick,eedbd28c-cefb-e148-c740-b9c359edfd7f,20060160,0.2006016,6000.0,Regular
2023-07-22T16:11:43.034Z,XBTUSD,Sell,700,29910.0,ZeroMinusTick,e95593ee-6bb1-2ce2-08cb-a00a3ad336db,2340352,0.02340352,700.0,Regular
2023-07-22T16:11:44.322Z,XBTUSD,Sell,13200,29910.0,ZeroMinusTick,ed4da1e4-323e-50da-0731-c80b454d2fd0,44132352,0.44132352,13200.0,Regular
2023-07-22T16:11:44.380Z,XBTUSD,Sell,300,29910.0,ZeroMinusTick,30d325e6-6e53-1f76-6160-8a643abb3c1f,1003008,0.01003008,300.0,Regular
2023-07-22T16:11:44.392Z,XBTUSD,Sell,3900,29910.0,ZeroMinusTick,d04df6ef-163f-d357-3fd0-e83c035fb3ac,13039104,0.13039104,3900.0,Regular
2023-07-22T16:11:44.678Z,XBTUSD,Sell,300,29910.0,ZeroMinusTick,df2a1ed1-0197-f4e6-1682-0a7059d46216,1003008,0.01003008,300.0,Regular
2023-07-22T16:11:45.059Z,XBTUSD,Sell,300,29910.0,ZeroMinusTick,ff4b24da-8db1-b8cf-ef1e-852d7435baf0,1003008,0.01003008,300.0,Regular
2023-07-22T16:11:48.380Z,XBTUSD,Sell,6000,29910.0,ZeroMinusTick,e32c9cec-c140-f919-a40e-9a3c097dd189,20060160,0.2006016,6000.0,Regular
2023-07-22T16:11:53.803Z,XBTUSD,Sell,600,29910.0,ZeroMinusTick,be0c76fb-61fe-0da1-cf07-2eec8e50b719,2006016,0.02006016,600.0,Regular
2023-07-22T16:11:54.711Z,XBTUSD,Sell,300,29910.0,ZeroMinusTick,0fd6cc60-410b-22a8-1b85-8c4c87fd4484,1003008,0.01003008,300.0,Regular
2023-07-22T16:12:01.731Z,XBTUSD,Sell,3000,29910.0,ZeroMinusTick,e6d6ec8b-e63a-d5a9-e686-4bc70d1c904d,10030080,0.1003008,3000.0,Regular
2023-07-22T16:12:04.697Z,XBTUSD,Sell,300,29910.0,ZeroMinusTick,31e1e74e-3bde-7dcd-49d2-c7c4d9e98919,1003008,0.01003008,300.0,Regular
2023-07-22T16:12:08.098Z,XBTUSD,Sell,9300,29910.0,ZeroMinusTick,906080c6-22b6-fa8e-2551-83b496ab620a,31093248,0.31093248,9300.0,Regular
2023-07-22T16:12:08.102Z,XBTUSD,Sell,300,29910.0,ZeroMinusTick,fb6bc20b-d3a2-b132-98b1-3b61383ccb2d,1003008,0.01003008,300.0,Regular
2023-07-22T16:12:08.107Z,XBTUSD,Sell,6000,29910.0,ZeroMinusTick,7145b2b9-bab2-2ccb-32c9-cc7db6bc48cb,20060160,0.2006016,6000.0,Regular
2023-07-22T16:12:10.367Z,XBTUSD,Sell,6600,29910.0,ZeroMinusTick,76d55989-1d31-c7e6-b181-19e5cdfa6f89,22066176,0.22066176,6600.0,Regular
2023-07-22T16:12:10.373Z,XBTUSD,Sell,11400,29910.0,ZeroMinusTick,bfb18371-92f9-3e79-711a-76dadc6dca3e,38114304,0.38114304,11400.0,Regular
2023-07-22T16:12:10.576Z,XBTUSD,Sell,1900,29910.0,ZeroMinusTick,ea113fad-ebd5-bbae-5b20-6d3c3139467b,6352384,0.06352384,1900.0,Regular
2023-07-22T16:12:11.226Z,XBTUSD,Sell,40000,29910.0,ZeroMinusTick,a72411af-ce61-8472-71ee-e59a2c848698,133734400,1.337344,40000.0,Regular
2023-07-22T16:12:11.244Z,XBTUSD,Sell,6600,29910.0,ZeroMinusTick,b044f58d-99b6-df47-adf8-8b3a36368e5b,22066176,0.22066176,6600.0,Regular
2023-07-22T16:12:11.246Z,XBTUSD,Sell,13200,29910.0,ZeroMinusTick,41bba78e-028b-8bda-0e30-7b238efebb38,44132352,0.44132352,13200.0,Regular
2023-07-22T16:12:11.266Z,XBTUSD,Sell,18900,29910.0,ZeroMinusTick,42e4987e-e06a-07e2-b1e4-48ecaafa08e9,63189504,0.63189504,18900.0,Regular
2023-07-22T16:12:11.271Z,XBTUSD,Sell,800,29910.0,ZeroMinusTick,b3205520-f557-3b2f-8b83-70a198359451,2674688,0.02674688,800.0,Regular
2023-07-22T16:12:11.289Z,XBTUSD,Sell,119900,29910.0,ZeroMinusTick,934bd9a1-a0fc-8e77-c1c6-8a44b2270b00,400868864,4.00868864,119900.0,Regular
2023-07-22T16:12:11.289Z,XBTUSD,Sell,1800,29910.0,ZeroMinusTick,374a2d5b-1746-7bb5-9245-e1d2e0bca874,6018048,0.06018048,1800.0,Regular
2023-07-22T16:12:11.289Z,XBTUSD,Sell,4700,29910.0,ZeroMinusTick,1b59ddcf-506e-73d3-7971-6cdf1caa93da,15713792,0.15713792,4700.0,Regular
2023-07-22T16:12:11.289Z,XBTUSD,Sell,12600,29910.0,ZeroMinusTick,eaef53d4-d823-5741-6585-75346857d978,42126336,0.42126336,12600.0,Regular
2023-07-22T16:12:11.289Z,XBTUSD,Sell,1000,29910.0,ZeroMinusTick,23e598be-f144-83f0-3fb0-3ec19f601aaa,3343360,0.0334336,1000.0,Regular
2023-07-22T16:12:11.289Z,XBTUSD,Sell,20300,29910.0,ZeroMinusTick,18dcacd1-0972-801f-4355-c7614216641c,67870208,0.67870208,20300.0,Regular
2023-07-22T16:12:11.289Z,XBTUSD,Sell,23000,29910.0,ZeroMinusTick,0b182c1c-8d8b-105e-aa30-74a474d7a3e8,76897280,0.7689728,23000.0,Regular
2023-07-22T16:12:11.289Z,XBTUSD,Sell,110800,29910.0,ZeroMinusTick,9d199f77-3d2a-7203-19e8-3dcd6969f67f,370444288,3.70444288,110800.0,Regular
2023-07-22T16:12:11.289Z,XBTUSD,Sell,5200,29910.0,ZeroMinusTick,8fe6ac4f-a343-bbb5-43f4-a4e683b9c73f,17385472,0.17385472,5200.0,Regular
2023-07-22T16:12:11.289Z,XBTUSD,Sell,200,29910.0,ZeroMinusTick,060eba9a-d438-443a-1abe-2c7dbb93ea37,668672,0.00668672,200.0,Regular
2023-07-22T16:12:11.289Z,XBTUSD,Sell,60700,29910.0,ZeroMinusTick,a68096d5-73c0-101a-45b9-0c296bf8a0a4,202941952,2.02941952,60700.0,Regular
2023-07-22T16:12:11.289Z,XBTUSD,Sell,600,29910.0,ZeroMinusTick,5216c79c-dba9-7c9a-91fc-4c75f6c15133,2006016,0.02006016,600.0,Regular
2023-07-22T16:12:11.289Z,XBTUSD,Sell,9700,29910.0,ZeroMinusTick,3e2664de-a61c-f693-6162-598d2e4cf85c,32430592,0.32430592,9700.0,Regular
2023-07-22T16:12:11.289Z,XBTUSD,Sell,16400,29910.0,ZeroMinusTick,657d74f1-7ce2-057d-30d1-419f34bd2f28,54831104,0.54831104,16400.0,Regular
2023-07-22T16:12:11.289Z,XBTUSD,Sell,900,29910.0,ZeroMinusTick,b4911d45-37f4-90bf-3483-0cb9537bfb11,3009024,0.03009024,900.0,Regular
2023-07-22T16:12:11.289Z,XBTUSD,Sell,10000,29910.0,ZeroMinusTick,f95f56f8-af35-6a45-0cbb-90a47eca38a6,33433600,0.334336,10000.0,Regular
2023-07-22T16:12:11.289Z,XBTUSD,Sell,14200,29910.0,ZeroMinusTick,bfeecc09-4d0d-7022-a377-772597f83c61,47475712,0.47475712,14200.0,Regular
2023-07-22T16:12:11.289Z,XBTUSD,Sell,20900,29910.0,ZeroMinusTick,0b1abeb6-b769-c70a-571a-b5c2392251b2,69876224,0.69876224,20900.0,Regular
2023-07-22T16:12:11.289Z,XBTUSD,Sell,1300,29910.0,ZeroMinusTick,0c4f0e21-2605-55d3-9615-82904ac488dc,4346368,0.04346368,1300.0,Regular
2023-07-22T16:12:11.289Z,XBTUSD,Sell,400,29910.0,ZeroMinusTick,0d994c45-f997-93a8-d9bd-62fb8dd3499a,1337344,0.01337344,400.0,Regular
2023-07-22T16:12:11.289Z,XBTUSD,Sell,100,29910.0,ZeroMinusTick,34debfe5-5ae2-5f02-2795-91ea5b84cfc6,334336,0.00334336,100.0,Regular
2023-07-22T16:12:11.289Z,XBTUSD,Sell,100,29910.0,ZeroMinusTick,6767387f-8a9e-1e1e-8663-12826be95f8a,334336,0.00334336,100.0,Regular
2023-07-22T16:12:11.289Z,XBTUSD,Sell,100,29910.0,ZeroMinusTick,c54e567a-acbb-54db-62c3-767a2b0e1f16,334336,0.00334336,100.0,Regular
2023-07-22T16:12:11.289Z,XBTUSD,Sell,100,29910.0,ZeroMinusTick,1a65ccc7-04b8-26bf-04b5-4a37cadb2eb9,334336,0.00334336,100.0,Regular
2023-07-22T16:12:11.289Z,XBTUSD,Sell,100,29910.0,ZeroMinusTick,d71c0ef3-8e09-33f9-4cd8-066f5f620976,334336,0.00334336,100.0,Regular
2023-07-22T16:12:11.289Z,XBTUSD,Sell,100,29910.0,ZeroMinusTick,18f352b8-84a2-37fc-0424-88cae3850e20,334336,0.00334336,100.0,Regular
2023-07-22T16:12:11.289Z,XBTUSD,Sell,100,29910.0,ZeroMinusTick,d4f2fe77-05ff-4329-4152-2be05bc0e938,334336,0.00334336,100.0,Regular
2023-07-22T16:12:11.289Z,XBTUSD,Sell,100,29910.0,ZeroMinusTick,071505e6-05b1-2748-56b5-c0097e5f7428,334336,0.00334336,100.0,Regular
2023-07-22T16:12:11.289Z,XBTUSD,Sell,100,29910.0,ZeroMinusTick,2e7d14dd-9acc-0504-812e-c3f282063f44,334336,0.00334336,100.0,Regular
2023-07-22T16:12:11.289Z,XBTUSD,Sell,100,29910.0,ZeroMinusTick,66a1c8f6-a955-87de-2427-94c0c72a3bba,334336,0.00334336,100.0,Regular
2023-07-22T16:12:11.289Z,XBTUSD,Sell,100,29910.0,ZeroMinusTick,f0d2d5fe-bf96-6abe-9f8f-3a4917853414,334336,0.00334336,100.0,Regular
2023-07-22T16:12:11.289Z,XBTUSD,Sell,100,29910.0,ZeroMinusTick,a208a3b2-2e23-4000-bf94-057f59bf31e9,334336,0.00334336,100.0,Regular
2023-07-22T16:12:11.289Z,XBTUSD,Sell,100,29910.0,ZeroMinusTick,aa4abf7c-ae05-e21d-e26e-11a82f74d48f,334336,0.00334336,100.0,Regular
2023-07-22T16:12:11.289Z,XBTUSD,Sell,20500,29910.0,ZeroMinusTick,2447c29c-2933-b4bc-5a46-41fe2da61b43,68538880,0.6853888,20500.0,Regular
2023-07-22T16:12:11.289Z,XBTUSD,Sell,200,29910.0,ZeroMinusTick,624f8045-44c8-5ba7-0d43-87fb11b9c678,668672,0.00668672,200.0,Regular
2023-07-22T16:12:11.289Z,XBTUSD,Sell,300,29910.0,ZeroMinusTick,ba8d1977-f458-622d-2dab-61007ee463d1,1003008,0.01003008,300.0,Regular
2023-07-22T16:12:11.289Z,XBTUSD,Sell,100,29910.0,ZeroMinusTick,630ad191-b28f-d6d4-7a96-07fe9789ee98,334336,0.00334336,100.0,Regular
2023-07-22T16:12:11.289Z,XBTUSD,Sell,200,29910.0,ZeroMinusTick,8472ea28-0a07-3fbe-940e-eb8e2f08b439,668672,0.00668672,200.0,Regular
2023-07-22T16:12:11.289Z,XBTUSD,Sell,3700,29910.0,ZeroMinusTick,b16c733b-8f5f-b832-8a14-016f5f410534,12370432,0.12370432,3700.0,Regular
2023-07-22T16:12:11.289Z,XBTUSD,Sell,100,29910.0,ZeroMinusTick,546dab64-3434-7b97-47a6-3c8a866e0fc8,334336,0.00334336,100.0,Regular
2023-07-22T16:12:11.289Z,XBTUSD,Sell,100,29910.0,ZeroMinusTick,8b5b21cc-cbbb-63ba-944a-c195d4f94d65,334336,0.00334336,100.0,Regular
2023-07-22T16:12:11.289Z,XBTUSD,Sell,45600,29910.0,ZeroMinusTick,bb1e0f31-0e01-4cc8-d130-d8029a67951b,152457216,1.52457216,45600.0,Regular
2023-07-22T16:12:11.289Z,XBTUSD,Sell,2200,29910.0,ZeroMinusTick,8889b821-f446-0764-060a-e4095dd9f186,7355392,0.07355392,2200.0,Regular
2023-07-22T16:12:11.289Z,XBTUSD,Sell,100,29910.0,ZeroMinusTick,d05d6dee-b36c-d366-b403-0a631b7e1b79,334336,0.00334336,100.0,Regular
2023-07-22T16:12:11.289Z,XBTUSD,Sell,200,29910.0,ZeroMinusTick,74cbf113-e26e-2a02-81aa-7a8ec4ac4211,668672,0.00668672,200.0,Regular
2023-07-22T16:12:11.289Z,XBTUSD,Sell,4300,29910.0,ZeroMinusTick,14c47184-b3ed-15ec-ca6f-52ef696ccecd,14376448,0.14376448,4300.0,Regular
2023-07-22T16:12:11.289Z,XBTUSD,Sell,15800,29910.0,ZeroMinusTick,84b57ed0-06ef-c6d7-ba87-d255c687dacc,52825088,0.52825088,15800.0,Regular
2023-07-22T16:12:11.289Z,XBTUSD,Sell,9100,29910.0,ZeroMinusTick,27b7d3d5-7a0b-19d7-6e24-dfc18779cd6d,30424576,0.30424576,9100.0,Regular
2023-07-22T16:12:11.289Z,XBTUSD,Sell,100,29910.0,ZeroMinusTick,31ee72c6-b0f6-b2c2-6b78-f36a31277ffb,334336,0.00334336,100.0,Regular
2023-07-22T16:12:11.289Z,XBTUSD,Sell,200,29910.0,ZeroMinusTick,63c66bd3-b31b-c174-6dd0-6ceaabf72828,668672,0.00668672,200.0,Regular
2023-07-22T16:12:11.289Z,XBTUSD,Sell,100,29910.0,ZeroMinusTick,ae60a57c-660e-5406-6e7e-c41e549af6e1,334336,0.00334336,100.0,Regular
2023-07-22T16:12:11.289Z,XBTUSD,Sell,200,29910.0,ZeroMinusTick,f954401f-33ce-b750-4679-b01c8242b8f1,668672,0.00668672,200.0,Regular
2023-07-22T16:12:11.289Z,XBTUSD,Sell,200,29910.0,ZeroMinusTick,ef75a6b4-f446-7000-a404-d893bd5ed723,668672,0.00668672,200.0,Regular
2023-07-22T16:12:11.289Z,XBTUSD,Sell,7800,29910.0,ZeroMinusTick,564a95f6-e5d8-5407-fa79-8dccb2b5f739,26078208,0.26078208,7800.0,Regular
2023-07-22T16:12:11.289Z,XBTUSD,Sell,200,29910.0,ZeroMinusTick,2095b229-e78b-b55a-250b-c21bfdbfbdb5,668672,0.00668672,200.0,Regular
2023-07-22T16:12:11.289Z,XBTUSD,Sell,100,29910.0,ZeroMinusTick,1f302dea-6bb8-f9c2-a7f0-3a8cd610c691,334336,0.00334336,100.0,Regular
2023-07-22T16:12:11.363Z,XBTUSD,Sell,100,29909.0,MinusTick,d60f98fc-0ca9-4c22-1920-a95f3e0caa5f,334348,0.00334348,100.0,Regular
2023-07-22T16:12:11.363Z,XBTUSD,Sell,100,29909.0,ZeroMinusTick,31d0b012-ac78-27e0-eef6-89ea845fa2c0,334348,0.00334348,100.0,Regular
2023-07-22T16:12:11.363Z,XBTUSD,Sell,100,29909.0,ZeroMinusTick,1235bfa6-dc9b-0141-53eb-7997be664c55,334348,0.00334348,100.0,Regular
2023-07-22T16:12:11.363Z,XBTUSD,Sell,100,29909.0,ZeroMinusTick,02509e11-d8a8-ec49-79e9-bc1b2f3acf49,334348,0.00334348,100.0,Regular
2023-07-22T16:12:11.363Z,XBTUSD,Sell,100,29909.0,ZeroMinusTick,d0488cc5-fbb0-0ef0-6f04-2dc54ceddfb6,334348,0.00334348,100.0,Regular
2023-07-22T16:12:11.363Z,XBTUSD,Sell,100,29907.0,MinusTick,f7f0b1e0-5c18-c11f-ef06-e914618b7bb5,334370,0.0033437,100.0,Regular
2023-07-22T16:12:11.363Z,XBTUSD,Sell,200,29906.0,MinusTick,37163eab-7821-cd82-9a4b-ae5651c527b7,668762,0.00668762,200.0,Regular
2023-07-22T16:12:11.363Z,XBTUSD,Sell,200,29905.5,MinusTick,13e4e43f-21ae-d5db-f4ae-671e139441e4,668774,0.00668774,200.0,Regular
2023-07-22T16:12:11.363Z,XBTUSD,Sell,6700,29904.5,MinusTick,fda7cf3f-bbd5-a91c-931a-50f5a4bafaad,22404666,0.22404666,6700.0,Regular
2023-07-22T16:12:11.363Z,XBTUSD,Sell,4200,29904.0,MinusTick,8c32eb85-0347-877f-d210-ea8921c1ea78,14044926,0.14044926,4200.0,Regular
2023-07-22T16:12:11.374Z,XBTUSD,Sell,3800,29904.0,ZeroMinusTick,0c73067d-8751-39cc-c983-e719343bf302,12707314,0.12707314,3800.0,Regular
2023-07-22T16:12:11.374Z,XBTUSD,Sell,300,29904.0,ZeroMinusTick,72dc48f4-e21f-31b3-2cff-e59881ce02eb,1003209,0.01003209,300.0,Regular
2023-07-22T16:12:11.374Z,XBTUSD,Sell,200,29904.0,ZeroMinusTick,651411da-4836-8a85-1aac-9de008f3b9bb,668806,0.00668806,200.0,Regular
2023-07-22T16:12:11.374Z,XBTUSD,Sell,300,29903.5,MinusTick,c451958d-0068-024c-7596-b09c201f106f,1003227,0.01003227,300.0,Regular
2023-07-22T16:12:11.374Z,XBTUSD,Sell,300,29903.0,MinusTick,53a3f3e5-7cc4-513f-9b7b-f00967382837,1003245,0.01003245,300.0,Regular
2023-07-22T16:12:11.374Z,XBTUSD,Sell,300,29902.5,MinusTick,23ec0325-6d6c-58fd-ebf0-f87d37a9a1b9,1003260,0.0100326,300.0,Regular
2023-07-22T16:12:11.374Z,XBTUSD,Sell,1200,29902.5,ZeroMinusTick,5b2d18fa-ea3c-8e7c-9511-52834b4de542,4013040,0.0401304,1200.0,Regular
2023-07-22T16:12:11.374Z,XBTUSD,Sell,300,29901.5,MinusTick,44ae018a-7a22-2550-fd51-06fd88d6ab54,1003293,0.01003293,300.0,Regular
2023-07-22T16:12:11.374Z,XBTUSD,Sell,16400,29901.5,ZeroMinusTick,0451de78-2ca4-d1a2-006c-e79b17ed973d,54846684,0.54846684,16400.0,Regular
2023-07-22T16:12:11.374Z,XBTUSD,Sell,3500,29901.0,MinusTick,d97ee18a-ee3a-07a9-37a1-36925f7b7fb7,11705295,0.11705295,3500.0,Regular
2023-07-22T16:12:11.435Z,XBTUSD,Sell,1200,29901.5,PlusTick,c25f9b37-1825-444b-cd41-423e40a887d3,4013172,0.04013172,1200.0,Regular
2023-07-22T16:12:11.435Z,XBTUSD,Sell,16000,29901.5,ZeroPlusTick,12267dd5-d6ff-9757-5481-5d5584a88e84,53508960,0.5350896,16000.0,Regular
2023-07-22T16:12:11.435Z,XBTUSD,Sell,9400,29901.0,MinusTick,c5e4656e-d889-3362-5562-31356c1e7e98,31437078,0.31437078,9400.0,Regular
2023-07-22T16:12:11.442Z,XBTUSD,Sell,13300,29901.0,ZeroMinusTick,8f82af49-ff0a-bcb5-8c4d-ac73c5861098,44480121,0.44480121,13300.0,Regular
2023-07-22T16:12:11.628Z,XBTUSD,Sell,100,29901.5,PlusTick,48c1d5e9-634d-393b-0676-49de219b595d,334431,0.00334431,100.0,Regular
2023-07-22T16:12:11.733Z,XBTUSD,Sell,29600,29901.5,ZeroPlusTick,e4792c95-a4b1-0d7b-ba7c-7b1cea06dd23,98991576,0.98991576,29600.0,Regular
2023-07-22T16:12:12.376Z,XBTUSD,Sell,300,29901.5,ZeroPlusTick,d696c2dc-38e2-64b5-ed2a-8b22327656c1,1003293,0.01003293,300.0,Regular
2023-07-22T16:12:16.526Z,XBTUSD,Sell,900,29901.5,ZeroPlusTick,85f00f41-c496-2721-4ff7-b2ad180cb570,3009879,0.03009879,900.0,Regular
2023-07-22T16:12:16.526Z,XBTUSD,Sell,11000,29901.5,ZeroPlusTick,6d9b386c-6263-8c22-5005-78284ca4b52c,36787410,0.3678741,11000.0,Regular
2023-07-22T16:12:27.913Z,XBTUSD,Sell,300,29901.5,ZeroPlusTick,ebed3182-1bcd-e45a-c8bb-f5d0d596c2b7,1003293,0.01003293,300.0,Regular
2023-07-22T16:12:27.913Z,XBTUSD,Sell,12600,29901.5,ZeroPlusTick,239471f4-5d06-013a-c093-4de4bfad4d14,42138306,0.42138306,12600.0,Regular
2023-07-22T16:12:27.913Z,XBTUSD,Sell,3600,29901.5,ZeroPlusTick,44ae5e24-f83c-02d6-5d0d-55fbcfab955e,12039516,0.12039516,3600.0,Regular
2023-07-22T16:12:27.913Z,XBTUSD,Sell,700,29901.5,ZeroPlusTick,5b4ee428-a08d-df3a-8517-88ac76defd64,2341017,0.02341017,700.0,Regular
2023-07-22T16:12:27.913Z,XBTUSD,Sell,300,29901.5,ZeroPlusTick,55cf181d-a945-d0a7-c233-b9e4c24b8a3e,1003293,0.01003293,300.0,Regular
2023-07-22T16:12:27.913Z,XBTUSD,Sell,300,29901.5,ZeroPlusTick,d7c6a0c7-fe01-e703-fd49-5bfa9c4d86e1,1003293,0.01003293,300.0,Regular
2023-07-22T16:12:27.913Z,XBTUSD,Sell,3200,29901.5,ZeroPlusTick,12fd2f6d-f016-7fb7-8210-aef0edbae0fe,10701792,0.10701792,3200.0,Regular
2023-07-22T16:12:27.933Z,XBTUSD,Sell,6500,29901.5,ZeroPlusTick,2875170e-e0b2-8acc-2d46-8c8c316dcdd8,21738015,0.21738015,6500.0,Regular
2023-07-22T16:12:27.933Z,XBTUSD,Sell,5500,29901.5,ZeroPlusTick,96985d8b-ddd0-71f3-f8dc-f6b7dd16395d,18393705,0.18393705,5500.0,Regular
2023-07-22T16:12:27.939Z,XBTUSD,Sell,1400,29901.5,ZeroPlusTick,734bbf00-7734-1a24-e903-166f39fd6304,4682034,0.04682034,1400.0,Regular
2023-07-22T16:12:27.939Z,XBTUSD,Sell,3400,29901.5,ZeroPlusTick,e2b845bb-2cd8-c6a1-87c8-d9238fcf431f,11370654,0.11370654,3400.0,Regular
2023-07-22T16:12:27.939Z,XBTUSD,Sell,19400,29901.5,ZeroPlusTick,c32db496-f2d7-7621-31b4-696e9ff0f16b,64879614,0.64879614,19400.0,Regular
2023-07-22T16:12:27.939Z,XBTUSD,Sell,1800,29901.5,ZeroPlusTick,2ddd2114-26ae-6d0e-9f0c-1046859bb3c4,6019758,0.06019758,1800.0,Regular
2023-07-22T16:12:27.939Z,XBTUSD,Sell,100,29901.5,ZeroPlusTick,07fbf084-e686-65f5-d250-6ac1add2e77e,334431,0.00334431,100.0,Regular
2023-07-22T16:12:27.939Z,XBTUSD,Sell,39200,29901.5,ZeroPlusTick,423ada69-7d7a-0052-1085-b6dda416e77d,131096952,1.31096952,39200.0,Regular
2023-07-22T16:12:30.297Z,XBTUSD,Sell,100,29900.5,MinusTick,288908bf-b2d4-bf49-4b49-1a1bdba344e7,334443,0.00334443,100.0,Regular
2023-07-22T16:12:30.297Z,XBTUSD,Sell,100,29900.5,ZeroMinusTick,912a2d2a-5120-ea1e-014b-c56530bf3d9f,334443,0.00334443,100.0,Regular
2023-07-22T16:12:30.297Z,XBTUSD,Sell,1700,29900.5,ZeroMinusTick,99f36dd9-522a-88d7-88e8-6e611fe6b34f,5685531,0.05685531,1700.0,Regular
2023-07-22T16:12:30.297Z,XBTUSD,Sell,4800,29900.5,ZeroMinusTick,8da36197-44e9-bed3-2baa-520e812f1477,16053264,0.16053264,4800.0,Regular
2023-07-22T16:12:30.297Z,XBTUSD,Sell,900,29900.5,ZeroMinusTick,0d4d481f-1caf-b497-e975-798ae8be3431,3009987,0.03009987,900.0,Regular
2023-07-22T16:12:30.297Z,XBTUSD,Sell,2400,29900.5,ZeroMinusTick,e23871bc-0fc7-1af6-4f5e-f6fa5c49b9d9,8026632,0.08026632,2400.0,Regular
2023-07-22T16:12:30.297Z,XBTUSD,Sell,1000,29900.0,MinusTick,a72e72ea-5652-93c3-b04b-8b6b9ddd56ba,3344480,0.0334448,1000.0,Regular
2023-07-22T16:12:30.297Z,XBTUSD,Sell,21900,29900.0,ZeroMinusTick,d943f009-aec6-8d7c-02bd-706b31d33257,73244112,0.73244112,21900.0,Regular
2023-07-22T16:12:30.333Z,XBTUSD,Sell,2100,29900.0,ZeroMinusTick,92f5bd32-ecc3-b8ac-3205-17747081ddee,7023408,0.07023408,2100.0,Regular
2023-07-22T16:12:30.868Z,XBTUSD,Sell,1200,29900.0,ZeroMinusTick,568734f7-e509-cadf-bcda-4cf577c569da,4013376,0.04013376,1200.0,Regular
2023-07-22T16:12:32.356Z,XBTUSD,Sell,8600,29900.0,ZeroMinusTick,7e8d7216-a3ea-54be-cc0b-1d5d32b842ec,28762528,0.28762528,8600.0,Regular
2023-07-22T16:12:34.176Z,XBTUSD,Sell,3300,29900.0,ZeroMinusTick,98bc2d6f-b88b-8921-4c2d-e80f20161319,11036784,0.11036784,3300.0,Regular
2023-07-22T16:12:38.271Z,XBTUSD,Sell,124500,29900.0,ZeroMinusTick,e6375fea-0d7d-c9db-6ab1-a6b9788f1101,416387760,4.1638776,124500.0,Regular
2023-07-22T16:12:38.280Z,XBTUSD,Sell,8500,29900.0,ZeroMinusTick,f35a2ebf-34e5-46c4-3af1-8e4c137df6b4,28428080,0.2842808,8500.0,Regular
2023-07-22T16:12:38.328Z,XBTUSD,Sell,9900,29900.0,ZeroMinusTick,5bf95034-67fc-d482-ac4e-760613e33350,33110352,0.33110352,9900.0,Regular
2023-07-22T16:12:38.465Z,XBTUSD,Sell,100,29899.0,MinusTick,7fea6eb3-0514-24f1-f8df-fb8cffd2fa8a,334459,0.00334459,100.0,Regular
2023-07-22T16:12:38.465Z,XBTUSD,Sell,100,29898.5,MinusTick,33e711f0-e36b-5e55-7008-fa6aa260b2b0,334465,0.00334465,100.0,Regular
2023-07-22T16:12:38.465Z,XBTUSD,Sell,9800,29895.5,MinusTick,f1805ad5-da4b-9685-8a73-e0a2f5eb3b19,32780902,0.32780902,9800.0,Regular
2023-07-22T16:12:40.922Z,XBTUSD,Sell,100,29893.0,MinusTick,dd2dafb0-3dc9-3606-a89d-d14fc56b3a50,334526,0.00334526,100.0,Regular
2023-07-22T16:12:40.922Z,XBTUSD,Sell,3100,29893.0,ZeroMinusTick,ddb6d0b4-a9b0-9156-099d-787755b90db1,10370306,0.10370306,3100.0,Regular
2023-07-22T16:12:40.922Z,XBTUSD,Sell,200,29893.0,ZeroMinusTick,b153b931-37c0-c1d8-2c32-35938bea02ab,669052,0.00669052,200.0,Regular
2023-07-22T16:12:40.922Z,XBTUSD,Sell,100,29891.0,MinusTick,375bdc96-9bcb-b300-7d1b-854efcfcf204,334549,0.00334549,100.0,Regular
2023-07-22T16:12:40.922Z,XBTUSD,Sell,8500,29891.0,ZeroMinusTick,4cfe8d53-3b85-9f97-480a-58cf180b9fe0,28436665,0.28436665,8500.0,Regular
2023-07-22T16:12:41.427Z,XBTUSD,Sell,11900,29891.0,ZeroMinusTick,07c214cb-2ac7-70da-6aee-7e0ad3b3e7a8,39811331,0.39811331,11900.0,Regular
2023-07-22T16:12:44.671Z,XBTUSD,Sell,1000,29890.0,MinusTick,da9ad2f5-7a2b-2928-a81c-7c1371f084d4,3345600,0.033456,1000.0,Regular
2023-07-22T16:12:44.671Z,XBTUSD,Sell,1200,29890.0,ZeroMinusTick,2e112175-6a34-6a12-d861-8d6fe5b1381b,4014720,0.0401472,1200.0,Regular
2023-07-22T16:12:44.671Z,XBTUSD,Sell,8900,29888.5,MinusTick,6f50e5e8-8cad-4765-d799-7ffdda0c38a2,29777353,0.29777353,8900.0,Regular
2023-07-22T16:13:03.850Z,XBTUSD,Sell,200,29888.5,ZeroMinusTick,8b1c0a12-8202-d621-775c-f34ae06fc180,669154,0.00669154,200.0,Regular
2023-07-22T16:13:03.850Z,XBTUSD,Sell,9400,29888.5,ZeroMinusTick,654f7089-4a8c-91a7-ee28-0098e80486b6,31450238,0.31450238,9400.0,Regular
2023-07-22T16:13:05.880Z,XBTUSD,Sell,600,29888.5,ZeroMinusTick,52ed0dda-81c2-8149-7e4f-ea30cc8071d9,2007462,0.02007462,600.0,Regular
2023-07-22T16:13:05.880Z,XBTUSD,Sell,1700,29888.5,ZeroMinusTick,951df0da-f01f-1847-20a3-5924c5c29c20,5687809,0.05687809,1700.0,Regular
2023-07-22T16:13:06.431Z,XBTUSD,Sell,8300,29888.5,ZeroMinusTick,950ceeb6-cdbd-4e30-8461-2f1761c5870d,27769891,0.27769891,8300.0,Regular
2023-07-22T16:13:06.431Z,XBTUSD,Sell,500,29888.5,ZeroMinusTick,184f7389-b67d-cc17-9922-35d057c82943,1672885,0.01672885,500.0,Regular
2023-07-22T16:13:06.431Z,XBTUSD,Sell,2300,29888.5,ZeroMinusTick,b06e4411-06ee-c77a-4624-5c5540bbfe07,7695271,0.07695271,2300.0,Regular
2023-07-22T16:13:06.699Z,XBTUSD,Sell,300,29888.5,ZeroMinusTick,a2bfae7e-6b6a-b707-12b8-8561da8ee7d3,1003731,0.01003731,300.0,Regular
2023-07-22T16:13:06.975Z,XBTUSD,Sell,7200,29888.5,ZeroMinusTick,b5947395-f918-8c03-a80c-ba885ceb4ab6,24089544,0.24089544,7200.0,Regular
2023-07-22T16:13:06.975Z,XBTUSD,Sell,200,29888.5,ZeroMinusTick,39b87ab1-7468-ded1-d98e-2b58801606d0,669154,0.00669154,200.0,Regular
2023-07-22T16:13:06.975Z,XBTUSD,Sell,600,29888.5,ZeroMinusTick,3c2f32e4-ee30-da2d-596b-24ef40efa16f,2007462,0.02007462,600.0,Regular
2023-07-22T16:13:06.975Z,XBTUSD,Sell,500,29888.5,ZeroMinusTick,7b61efdf-265a-ff87-a6aa-e9b5a2d048f9,1672885,0.01672885,500.0,Regular
2023-07-22T16:13:06.975Z,XBTUSD,Sell,1200,29888.5,ZeroMinusTick,7ead2525-ade4-cc98-b6f3-a080ae2bd117,4014924,0.04014924,1200.0,Regular
2023-07-22T16:13:07.010Z,XBTUSD,Sell,10000,29888.0,MinusTick,378206bf-7bfb-76fa-335c-278602074883,33458200,0.334582,10000.0,Regular
2023-07-22T16:13:07.010Z,XBTUSD,Sell,1200,29887.5,MinusTick,f3d535a4-dc4f-cb73-8357-e40adf40d6f8,4015056,0.04015056,1200.0,Regular
2023-07-22T16:13:07.010Z,XBTUSD,Sell,200,29886.5,MinusTick,b957ea75-a111-5889-68a0-9c17579576bc,669198,0.00669198,200.0,Regular
2023-07-22T16:13:07.010Z,XBTUSD,Sell,100,29886.5,ZeroMinusTick,3ea1b7b9-6480-5e86-89a3-516513b4056a,334599,0.00334599,100.0,Regular
2023-07-22T16:13:07.010Z,XBTUSD,Sell,10000,29885.0,MinusTick,daa43485-9551-221e-d769-16c798f30519,33461600,0.334616,10000.0,Regular
2023-07-22T16:13:07.010Z,XBTUSD,Sell,100,29884.5,MinusTick,91cc5b83-37d6-701e-5f33-09c68642dc5a,334622,0.00334622,100.0,Regular
2023-07-22T16:13:07.010Z,XBTUSD,Sell,300,29884.0,MinusTick,fc7bf273-05b9-83e1-9d51-2270e1a1289d,1003881,0.01003881,300.0,Regular
2023-07-22T16:13:07.010Z,XBTUSD,Sell,100,29883.5,MinusTick,ba32a934-96e2-f801-cee0-6d6c9bd2d1c9,334633,0.00334633,100.0,Regular
2023-07-22T16:13:07.010Z,XBTUSD,Sell,300,29883.5,ZeroMinusTick,2e70e293-38dc-8a39-4f40-068d2cefeb57,1003899,0.01003899,300.0,Regular
2023-07-22T16:13:07.010Z,XBTUSD,Sell,4600,29883.5,ZeroMinusTick,69d7f08e-8048-08d2-2ae3-e9f5098d0b63,15393118,0.15393118,4600.0,Regular
2023-07-22T16:13:09.230Z,XBTUSD,Buy,900,29884.0,PlusTick,dd64ed4f-1027-3c7e-b4b0-b2b3fa7a371b,3011643,0.03011643,900.0,Regular
2023-07-22T16:13:10.272Z,XBTUSD,Buy,200,29884.0,ZeroPlusTick,dbfe692e-b68e-f443-dfa2-4239e20667c2,669254,0.00669254,200.0,Regular
2023-07-22T16:13:13.936Z,XBTUSD,Sell,100,29883.5,MinusTick,02c44bac-6e0e-054b-36cc-3ef6d698bf09,334633,0.00334633,100.0,Regular
2023-07-22T16:13:13.936Z,XBTUSD,Sell,300,29883.5,ZeroMinusTick,f67e3ffa-da1a-5619-ff22-705110b13b75,1003899,0.01003899,300.0,Regular
2023-07-22T16:13:13.936Z,XBTUSD,Sell,100,29883.5,ZeroMinusTick,9cbe2373-6169-7c2b-aaa8-cfd6114e6ea3,334633,0.00334633,100.0,Regular
2023-07-22T16:13:13.936Z,XBTUSD,Sell,200,29883.5,ZeroMinusTick,a3394a61-61aa-8be3-24d4-e4ba0b52df67,669266,0.00669266,200.0,Regular
2023-07-22T16:13:13.936Z,XBTUSD,Sell,100,29883.5,ZeroMinusTick,b4dfe473-c836-1c03-f10b-dc475cb0fd3a,334633,0.00334633,100.0,Regular
2023-07-22T16:13:13.936Z,XBTUSD,Sell,10000,29883.0,MinusTick,07484eaa-a09c-44db-c8c5-f58e84a92dee,33463800,0.334638,10000.0,Regular
2023-07-22T16:13:13.936Z,XBTUSD,Sell,9300,29881.5,MinusTick,92471951-2f78-9cd9-587c-bb2e820c74d5,31122915,0.31122915,9300.0,Regular
2023-07-22T16:13:13.940Z,XBTUSD,Sell,700,29881.5,ZeroMinusTick,16775e83-1350-a810-a558-039f8ee7a0f1,2342585,0.02342585,700.0,Regular
2023-07-22T16:13:13.989Z,XBTUSD,Sell,100,29880.5,MinusTick,316e4b2e-d600-e38f-24e5-38ce7a732266,334666,0.00334666,100.0,Regular
2023-07-22T16:13:13.989Z,XBTUSD,Sell,100,29880.0,MinusTick,0fb14678-678e-53ee-d1da-e3b36cae8bfe,334672,0.00334672,100.0,Regular
2023-07-22T16:13:13.989Z,XBTUSD,Sell,200,29880.0,ZeroMinusTick,d9457cfc-b859-72de-af6c-2feb54e9c263,669344,0.00669344,200.0,Regular
2023-07-22T16:13:13.989Z,XBTUSD,Sell,1000,29880.0,ZeroMinusTick,19003d8f-e61d-4b48-e73b-902766ead862,3346720,0.0334672,1000.0,Regular
2023-07-22T16:13:13.989Z,XBTUSD,Sell,10000,29879.0,MinusTick,5334e920-514c-53c7-af0d-9b83a635039b,33468300,0.334683,10000.0,Regular
2023-07-22T16:13:13.989Z,XBTUSD,Sell,300,29879.0,ZeroMinusTick,a22b788e-5cfd-a946-bb60-af5b06a2a332,1004049,0.01004049,300.0,Regular
2023-07-22T16:13:13.989Z,XBTUSD,Sell,6000,29878.5,MinusTick,716093a8-d035-dbf0-7dcb-ea58d7d3d89f,20081340,0.2008134,6000.0,Regular
2023-07-22T16:13:14.007Z,XBTUSD,Sell,700,29878.5,ZeroMinusTick,7de1582f-d6d7-3ef4-ce34-2228a80fb91f,2342823,0.02342823,700.0,Regular
2023-07-22T16:13:14.007Z,XBTUSD,Sell,300,29878.5,ZeroMinusTick,01e38529-9c3a-72e9-1937-2df7e91d2435,1004067,0.01004067,300.0,Regular
2023-07-22T16:13:14.007Z,XBTUSD,Sell,300,29878.0,MinusTick,f21d3397-d78f-e5d1-69c5-373c518ef618,1004082,0.01004082,300.0,Regular
2023-07-22T16:13:14.007Z,XBTUSD,Sell,300,29877.5,MinusTick,88d5debe-9611-2237-86bd-9d28b4e27f17,1004100,0.010041,300.0,Regular
2023-07-22T16:13:14.007Z,XBTUSD,Sell,100,29877.5,ZeroMinusTick,4d44002a-54a4-4147-0265-5ae1c2491b36,334700,0.003347,100.0,Regular
2023-07-22T16:13:14.007Z,XBTUSD,Sell,400,29877.0,MinusTick,5e3432e0-a225-0733-021d-575cf6a678ec,1338824,0.01338824,400.0,Regular
2023-07-22T16:13:14.007Z,XBTUSD,Sell,300,29875.5,MinusTick,d7784eb1-0bbb-621e-a096-37fa5f05b2a1,1004166,0.01004166,300.0,Regular
2023-07-22T16:13:14.007Z,XBTUSD,Sell,300,29875.0,MinusTick,0fd127ff-2970-35f2-3b7c-abb73e13c40d,1004184,0.01004184,300.0,Regular
2023-07-22T16:13:14.036Z,XBTUSD,Sell,300,29875.5,PlusTick,ccf2d85b-c2b1-656b-4fdb-3c10825331a5,1004166,0.01004166,300.0,Regular
2023-07-22T16:13:14.036Z,XBTUSD,Sell,9700,29875.0,MinusTick,dce0415a-af83-d8f1-723e-81e4cbd355d1,32468616,0.32468616,9700.0,Regular
2023-07-22T16:13:14.036Z,XBTUSD,Sell,1200,29875.0,ZeroMinusTick,96c2c32c-0b0d-1182-e24a-39023536c042,4016736,0.04016736,1200.0,Regular
2023-07-22T16:13:14.122Z,XBTUSD,Sell,2000,29874.5,MinusTick,92b427a5-7b6d-1ed0-080a-779992703557,6694680,0.0669468,2000.0,Regular
2023-07-22T16:13:14.122Z,XBTUSD,Sell,200,29874.0,MinusTick,611c4feb-3b83-9824-3b2c-15077b1842cc,669478,0.00669478,200.0,Regular
2023-07-22T16:13:14.131Z,XBTUSD,Sell,5200,29874.0,ZeroMinusTick,4a033aee-f049-8195-e7bb-4b687ef6194b,17406428,0.17406428,5200.0,Regular
2023-07-22T16:13:14.192Z,XBTUSD,Sell,4400,29874.0,ZeroMinusTick,a3885789-c278-2582-27ee-a67e5a37809b,14728516,0.14728516,4400.0,Regular
2023-07-22T16:13:14.219Z,XBTUSD,Sell,10100,29874.5,PlusTick,057e606b-f3eb-b55b-8c50-cfa98eb4a249,33808134,0.33808134,10100.0,Regular
2023-07-22T16:13:15.332Z,XBTUSD,Buy,100,29875.0,PlusTick,3a15ab55-59b7-575e-a4a7-02d29b6d0978,334728,0.00334728,100.0,Regular
2023-07-22T16:13:16.369Z,XBTUSD,Buy,200,29875.0,ZeroPlusTick,b76760d4-c07a-433c-7cf8-48df76b08636,669456,0.00669456,200.0,Regular
2023-07-22T16:13:17.710Z,XBTUSD,Sell,100,29874.5,MinusTick,88b8058f-28e9-e7de-2eff-6cad6992095f,334734,0.00334734,100.0,Regular
2023-07-22T16:13:17.710Z,XBTUSD,Sell,200,29874.0,MinusTick,e6bc856c-1614-2988-c27e-082624ae1766,669478,0.00669478,200.0,Regular
2023-07-22T16:13:17.710Z,XBTUSD,Sell,100,29874.0,ZeroMinusTick,1066e3e4-d474-b1ca-4896-b63396c6fd07,334739,0.00334739,100.0,Regular
2023-07-22T16:13:17.724Z,XBTUSD,Sell,10000,29873.0,MinusTick,b3589914-89db-2895-2c29-06b90c229997,33475000,0.33475,10000.0,Regular
2023-07-22T16:13:17.724Z,XBTUSD,Sell,56900,29872.0,MinusTick,0ff720a6-0958-a478-ab3c-fa189ecf9822,190479578,1.90479578,56900.0,Regular
2023-07-22T16:13:17.765Z,XBTUSD,Sell,100,29871.0,MinusTick,67d63476-3038-6be9-e3e9-902f5e38bc05,334773,0.00334773,100.0,Regular
2023-07-22T16:13:17.765Z,XBTUSD,Sell,200,29870.0,MinusTick,9d91f134-8b7e-154a-6eb5-7a5021e9d4cb,669568,0.00669568,200.0,Regular
2023-07-22T16:13:17.765Z,XBTUSD,Sell,1000,29870.0,ZeroMinusTick,24125907-48c3-7c86-7bbb-01ed126e4511,3347840,0.0334784,1000.0,Regular
2023-07-22T16:13:17.765Z,XBTUSD,Sell,800,29869.5,MinusTick,1e85ff6a-9beb-555c-ff26-38eb662a0d2e,2678320,0.0267832,800.0,Regular
2023-07-22T16:13:17.765Z,XBTUSD,Sell,6600,29868.5,MinusTick,962e05b8-859e-0764-5bf4-ad5ef969625d,22096866,0.22096866,6600.0,Regular
2023-07-22T16:13:17.771Z,XBTUSD,Sell,3400,29868.5,ZeroMinusTick,a8e9c7fc-9f30-d009-ddeb-e8946a30b198,11383234,0.11383234,3400.0,Regular
2023-07-22T16:13:17.771Z,XBTUSD,Sell,5800,29867.5,MinusTick,e85d9884-ccd5-7a38-8ab1-d614d871a20b,19419096,0.19419096,5800.0,Regular
2023-07-22T16:13:18.006Z,XBTUSD,Sell,4500,29868.0,PlusTick,cd02d2ca-3325-2f8b-b592-b0f8c760b34e,15066270,0.1506627,4500.0,Regular
2023-07-22T16:13:18.203Z,XBTUSD,Sell,11500,29868.0,ZeroPlusTick,0509f125-0060-ed78-7a02-9cfe7e3c3272,38502690,0.3850269,11500.0,Regular
2023-07-22T16:13:21.306Z,XBTUSD,Sell,17300,29868.0,ZeroPlusTick,55ac3148-b537-6747-e515-f861dd84ffd6,57921438,0.57921438,17300.0,Regular
2023-07-22T16:13:21.313Z,XBTUSD,Sell,3800,29868.0,ZeroPlusTick,31459eca-0d0b-a929-1115-9d98593ee5ff,12722628,0.12722628,3800.0,Regular
2023-07-22T16:13:21.313Z,XBTUSD,Sell,100,29868.0,ZeroPlusTick,99d7031b-ef46-9554-e7bf-5a90ab35a004,334806,0.00334806,100.0,Regular
2023-07-22T16:13:21.313Z,XBTUSD,Sell,2400,29868.0,ZeroPlusTick,25bc0e37-4df8-5a77-bcd9-f8b2f2b60b2b,8035344,0.08035344,2400.0,Regular
2023-07-22T16:13:21.328Z,XBTUSD,Sell,4200,29867.5,MinusTick,2f7aae36-0d2b-926a-9f23-baf483a7673c,14062104,0.14062104,4200.0,Regular
2023-07-22T16:13:21.328Z,XBTUSD,Sell,7400,29866.5,MinusTick,b8344c40-82f7-3f41-1af3-1c571a584a9f,24776902,0.24776902,7400.0,Regular
2023-07-22T16:13:21.379Z,XBTUSD,Sell,17600,29866.5,ZeroMinusTick,7c4213d7-42f3-431f-e222-cefb70f52039,58928848,0.58928848,17600.0,Regular
2023-07-22T16:13:21.386Z,XBTUSD,Sell,2200,29866.5,ZeroMinusTick,3a3228a6-249f-d4fe-0ba1-ae2225811ea9,7366106,0.07366106,2200.0,Regular
2023-07-22T16:13:21.397Z,XBTUSD,Sell,5200,29866.5,ZeroMinusTick,6f39c4cb-1573-8eea-56c4-2f877bfe9766,17410796,0.17410796,5200.0,Regular
2023-07-22T16:13:21.705Z,XBTUSD,Sell,100,29866.5,ZeroMinusTick,071cb25a-65ae-3564-4225-e61c86e0dd72,334823,0.00334823,100.0,Regular
2023-07-22T16:13:23.438Z,XBTUSD,Buy,100,29867.0,PlusTick,ed918153-3682-ff44-f49c-b2eb03e8edf2,334818,0.00334818,100.0,Regular
2023-07-22T16:13:26.305Z,XBTUSD,Sell,5200,29866.5,MinusTick,c93d3b59-0269-6a01-986d-d06657ec1c2c,17410796,0.17410796,5200.0,Regular
2023-07-22T16:13:28.250Z,XBTUSD,Sell,500,29866.5,ZeroMinusTick,1c12bc44-197e-5514-c942-a34d72f75393,1674115,0.01674115,500.0,Regular
2023-07-22T16:13:28.316Z,XBTUSD,Sell,600,29866.5,ZeroMinusTick,5f5658c2-0127-c9af-098e-129786e38b79,2008938,0.02008938,600.0,Regular
2023-07-22T16:13:28.497Z,XBTUSD,Buy,100,29867.0,PlusTick,a8524fd5-ecf3-1cf5-73d8-cfc0ee582b0f,334818,0.00334818,100.0,Regular
2023-07-22T16:13:29.438Z,XBTUSD,Sell,10800,29866.5,MinusTick,cc945001-c856-59bc-5ef7-3e513519ad9c,36160884,0.36160884,10800.0,Regular
2023-07-22T16:13:30.578Z,XBTUSD,Sell,600,29866.5,ZeroMinusTick,dcd9f4b5-a65b-651a-b643-110a0c06ddbf,2008938,0.02008938,600.0,Regular
2023-07-22T16:13:31.066Z,XBTUSD,Sell,600,29866.5,ZeroMinusTick,60d28c7e-2a33-17aa-e8b2-d1fa8d66abcf,2008938,0.02008938,600.0,Regular
2023-07-22T16:13:37.532Z,XBTUSD,Sell,9200,29866.5,ZeroMinusTick,b401c862-38e1-253e-f7b1-e6840b656405,30803716,0.30803716,9200.0,Regular
2023-07-22T16:13:37.532Z,XBTUSD,Sell,2100,29866.5,ZeroMinusTick,51c6fcc0-103b-66ea-780b-b2f0b9753b5d,7031283,0.07031283,2100.0,Regular
2023-07-22T16:13:48.788Z,XBTUSD,Sell,4200,29866.5,ZeroMinusTick,1ef0a6be-d748-27d2-23cf-8a8df1602624,14062566,0.14062566,4200.0,Regular
2023-07-22T16:13:56.811Z,XBTUSD,Sell,600,29866.5,ZeroMinusTick,e1f356c3-91ec-36d2-4bd6-560669badb6f,2008938,0.02008938,600.0,Regular
2023-07-22T16:13:58.484Z,XBTUSD,Sell,5500,29866.5,ZeroMinusTick,26a9d1dc-0a6d-0545-95fd-9d9b821a544a,18415265,0.18415265,5500.0,Regular
2023-07-22T16:14:04.203Z,XBTUSD,Sell,700,29866.5,ZeroMinusTick,d8aaa65d-f699-5fee-cc8f-ca6909e2518a,2343761,0.02343761,700.0,Regular
2023-07-22T16:14:04.990Z,XBTUSD,Sell,1200,29866.5,ZeroMinusTick,4ee14b77-f6c2-ed98-c16e-804cdc97c4b6,4017876,0.04017876,1200.0,Regular
2023-07-22T16:14:06.432Z,XBTUSD,Sell,10200,29866.5,ZeroMinusTick,02d3d055-3d9b-6d47-046b-1dcce3b32f30,34151946,0.34151946,10200.0,Regular
2023-07-22T16:14:16.164Z,XBTUSD,Sell,1900,29866.5,ZeroMinusTick,ab148a88-9379-6fa4-9d35-8c2e74d02e34,6361637,0.06361637,1900.0,Regular
2023-07-22T16:14:18.635Z,XBTUSD,Sell,300,29866.5,ZeroMinusTick,806841e2-67ad-9eaa-e376-6f5a9068c6e7,1004469,0.01004469,300.0,Regular
2023-07-22T16:14:19.236Z,XBTUSD,Sell,600,29866.5,ZeroMinusTick,8d658e24-6a5e-12fd-0499-00012e03c2f7,2008938,0.02008938,600.0,Regular
2023-07-22T16:14:20.310Z,XBTUSD,Sell,900,29866.5,ZeroMinusTick,b24e4a4a-6663-547f-7d09-5ca35d408f08,3013407,0.03013407,900.0,Regular
2023-07-22T16:14:25.485Z,XBTUSD,Sell,7000,29866.5,ZeroMinusTick,e7aeba75-b6df-012c-e9dc-d2de41fcf49c,23437610,0.2343761,7000.0,Regular
2023-07-22T16:14:27.575Z,XBTUSD,Sell,800,29866.5,ZeroMinusTick,23d1b254-bcf6-a30f-30bc-a249c432445c,2678584,0.02678584,800.0,Regular
2023-07-22T16:14:27.575Z,XBTUSD,Sell,200,29866.5,ZeroMinusTick,f0a86d41-f178-c159-b6df-118517ce9a56,669646,0.00669646,200.0,Regular
2023-07-22T16:14:35.516Z,XBTUSD,Sell,1500,29866.5,ZeroMinusTick,bcdde9d6-d8cd-f956-66a0-5c35693cccd3,5022345,0.05022345,1500.0,Regular
2023-07-22T16:14:36.362Z,XBTUSD,Sell,300,29866.5,ZeroMinusTick,3ca18a47-dde6-9129-58bf-d4c4e81a6612,1004469,0.01004469,300.0,Regular
2023-07-22T16:14:36.822Z,XBTUSD,Sell,3000,29866.5,ZeroMinusTick,97bd7178-69b2-4846-e2aa-7997a0634658,10044690,0.1004469,3000.0,Regular
2023-07-22T16:14:38.976Z,XBTUSD,Sell,300,29866.5,ZeroMinusTick,edcd6234-3a3d-cfc8-af36-73ea8101714a,1004469,0.01004469,300.0,Regular
2023-07-22T16:14:39.114Z,XBTUSD,Sell,100,29866.5,ZeroMinusTick,d751aae7-f162-2cb4-cae7-ba284cc6edb9,334823,0.00334823,100.0,Regular
2023-07-22T16:14:40.165Z,XBTUSD,Sell,100,29866.5,ZeroMinusTick,d39d3f70-0646-589c-39b1-69df0b0b420a,334823,0.00334823,100.0,Regular
2023-07-22T16:14:40.647Z,XBTUSD,Sell,100,29866.5,ZeroMinusTick,c6fad5d6-179b-cf6d-1006-17f3996f60e2,334823,0.00334823,100.0,Regular
2023-07-22T16:14:43.761Z,XBTUSD,Sell,100,29866.5,ZeroMinusTick,19cd5982-d30a-9db8-454c-ec5189b6f0c1,334823,0.00334823,100.0,Regular
2023-07-22T16:14:49.452Z,XBTUSD,Sell,3200,29866.5,ZeroMinusTick,151350ba-a3e0-d7d6-2dca-4877c2b9b9e5,10714336,0.10714336,3200.0,Regular
2023-07-22T16:14:51.484Z,XBTUSD,Sell,1300,29866.5,ZeroMinusTick,7bab3e76-7349-7a71-0995-bd6dfc1c8892,4352699,0.04352699,1300.0,Regular
2023-07-22T16:14:51.484Z,XBTUSD,Sell,100,29866.5,ZeroMinusTick,af1fafd7-a6c8-6f39-9320-32780c97e88c,334823,0.00334823,100.0,Regular
2023-07-22T16:14:51.484Z,XBTUSD,Sell,100,29866.5,ZeroMinusTick,b284f58e-1c4d-f9c1-32e5-c5efcd603895,334823,0.00334823,100.0,Regular
2023-07-22T16:14:51.484Z,XBTUSD,Sell,200,29866.5,ZeroMinusTick,038d393b-86fd-8eae-9a04-a699c2d18dc7,669646,0.00669646,200.0,Regular
2023-07-22T16:14:51.484Z,XBTUSD,Sell,1300,29866.5,ZeroMinusTick,e399817f-8c62-7a4c-043e-f745519473cd,4352699,0.04352699,1300.0,Regular
2023-07-22T16:15:19.716Z,XBTUSD,Buy,2800,29867.0,PlusTick,6ba9dcbd-b745-8410-b801-3e71a6ecbf5b,9374904,0.09374904,2800.0,Regular
2023-07-22T16:15:19.716Z,XBTUSD,Buy,48500,29867.0,ZeroPlusTick,58583851-7fec-b903-f3b9-b2c4e4ce1bcf,162386730,1.6238673,48500.0,Regular
2023-07-22T16:15:19.716Z,XBTUSD,Buy,200,29867.0,ZeroPlusTick,52320791-735e-b3e0-c203-3a2b91528bd9,669636,0.00669636,200.0,Regular
2023-07-22T16:15:19.716Z,XBTUSD,Buy,20900,29867.0,ZeroPlusTick,58746582-2d82-24c6-041c-52ce01fd672f,69976962,0.69976962,20900.0,Regular
2023-07-22T16:15:19.716Z,XBTUSD,Buy,2500,29867.0,ZeroPlusTick,015ea2d5-cdeb-2fda-e1d7-c965133d854a,8370450,0.0837045,2500.0,Regular
2023-07-22T16:15:19.716Z,XBTUSD,Buy,26200,29867.0,ZeroPlusTick,3b83f899-3635-c1d0-eb88-03860d1afd1c,87722316,0.87722316,26200.0,Regular
2023-07-22T16:15:19.716Z,XBTUSD,Buy,3100,29867.0,ZeroPlusTick,abd75e7f-972e-e82d-6c14-019c8cf64ea6,10379358,0.10379358,3100.0,Regular
2023-07-22T16:15:19.716Z,XBTUSD,Buy,4000,29867.0,ZeroPlusTick,5b59fe6d-2712-fe5a-bb6e-3a706cc11edb,13392720,0.1339272,4000.0,Regular
2023-07-22T16:15:19.716Z,XBTUSD,Buy,300,29867.0,ZeroPlusTick,29189cfe-f0f7-96a9-a221-267eb912407d,1004454,0.01004454,300.0,Regular
2023-07-22T16:15:19.716Z,XBTUSD,Buy,100,29867.0,ZeroPlusTick,0d7969a6-3467-b897-7f99-571808ce4541,334818,0.00334818,100.0,Regular
2023-07-22T16:15:19.716Z,XBTUSD,Buy,1700,29867.0,ZeroPlusTick,a8bc08a3-161d-1983-b14e-38314d05ecf9,5691906,0.05691906,1700.0,Regular
2023-07-22T16:15:19.716Z,XBTUSD,Buy,200,29867.0,ZeroPlusTick,adcb8f5d-84f5-a25c-3009-39536f42a266,669636,0.00669636,200.0,Regular
2023-07-22T16:15:19.716Z,XBTUSD,Buy,100,29867.0,ZeroPlusTick,361f6467-1f97-e9e1-42bc-e3f2210a8ace,334818,0.00334818,100.0,Regular
2023-07-22T16:15:19.716Z,XBTUSD,Buy,18200,29867.0,ZeroPlusTick,05649ddf-58a2-e77b-f8e6-e33f162a002a,60936876,0.60936876,18200.0,Regular
2023-07-22T16:15:19.716Z,XBTUSD,Buy,6700,29867.0,ZeroPlusTick,506a0a5e-8f24-cb49-e3a3-4fa9fa52070b,22432806,0.22432806,6700.0,Regular
2023-07-22T16:15:19.716Z,XBTUSD,Buy,100,29867.0,ZeroPlusTick,237761d5-bae3-011b-d826-c71b0c72db63,334818,0.00334818,100.0,Regular
2023-07-22T16:15:40.999Z,XBTUSD,Sell,1800,29867.5,PlusTick,f1ec6866-9b1a-8a0a-84f3-5f2c8e38e9a8,6026616,0.06026616,1800.0,Regular
2023-07-22T16:15:41.842Z,XBTUSD,Sell,6900,29867.5,ZeroPlusTick,50069a25-7be6-b93d-2baa-1776bd2e4082,23102028,0.23102028,6900.0,Regular
2023-07-22T16:15:41.842Z,XBTUSD,Sell,100,29867.5,ZeroPlusTick,cd77ddae-e68a-1e52-c76c-f2f0568e9421,334812,0.00334812,100.0,Regular
2023-07-22T16:15:41.842Z,XBTUSD,Sell,7100,29867.5,ZeroPlusTick,c01c9f8d-18a3-2899-658f-4ba15b9a28ae,23771652,0.23771652,7100.0,Regular
2023-07-22T16:15:41.842Z,XBTUSD,Sell,10000,29867.5,ZeroPlusTick,d2456449-0568-42bc-bdf2-7880a1a56a9b,33481200,0.334812,10000.0,Regular
2023-07-22T16:15:41.842Z,XBTUSD,Sell,900,29867.5,ZeroPlusTick,fb0af2a6-ee3d-edf0-6471-617f42d8b156,3013308,0.03013308,900.0,Regular
2023-07-22T16:15:41.848Z,XBTUSD,Sell,9100,29867.5,ZeroPlusTick,cfd1a939-726d-9804-4099-df820f820e20,30467892,0.30467892,9100.0,Regular
2023-07-22T16:15:41.848Z,XBTUSD,Sell,200,29867.5,ZeroPlusTick,c7e8914f-e84b-8e44-6f68-202b8911ccd6,669624,0.00669624,200.0,Regular
2023-07-22T16:15:41.851Z,XBTUSD,Sell,8600,29867.5,ZeroPlusTick,ea05a50b-0611-7999-80f7-3209ac5c153c,28793832,0.28793832,8600.0,Regular
2023-07-22T16:15:41.855Z,XBTUSD,Sell,1200,29867.5,ZeroPlusTick,805af0ca-a57c-fda6-6b2a-3f40aca50a28,4017744,0.04017744,1200.0,Regular
2023-07-22T16:15:41.863Z,XBTUSD,Sell,10000,29867.0,MinusTick,0734ce8d-9549-b02a-daca-2ed25514f22c,33481800,0.334818,10000.0,Regular
2023-07-22T16:15:41.870Z,XBTUSD,Sell,100,29866.5,MinusTick,9e51f9d9-60e8-7ee9-6af4-a31ff29c922d,334823,0.00334823,100.0,Regular
2023-07-22T16:15:41.870Z,XBTUSD,Sell,100,29866.5,ZeroMinusTick,c17abbe2-6b4d-6748-2795-2522735b05fa,334823,0.00334823,100.0,Regular
2023-07-22T16:15:41.870Z,XBTUSD,Sell,100,29865.5,MinusTick,e72e4f6f-4eeb-70a4-41e9-bab0f0ea0c79,334835,0.00334835,100.0,Regular
2023-07-22T16:15:41.870Z,XBTUSD,Sell,100,29863.5,MinusTick,104b9dc9-8715-ad45-ceb8-b055491a7e4c,334857,0.00334857,100.0,Regular
2023-07-22T16:15:41.870Z,XBTUSD,Sell,1600,29863.0,MinusTick,925f0470-d8d0-ca5c-bf6d-0aee0cbf7176,5357808,0.05357808,1600.0,Regular
2023-07-22T16:15:41.870Z,XBTUSD,Sell,10000,29862.5,MinusTick,e419a0aa-b9a3-703e-ecc6-30fcb7dee892,33486800,0.334868,10000.0,Regular
2023-07-22T16:15:42.279Z,XBTUSD,Sell,15800,29862.5,ZeroMinusTick,62d984c6-29f0-13af-847e-c6ee36e3f8b1,52909144,0.52909144,15800.0,Regular
2023-07-22T16:15:42.752Z,XBTUSD,Buy,200,29863.0,PlusTick,3379e8ec-c000-01b6-4add-0cbc54639747,669726,0.00669726,200.0,Regular
2023-07-22T16:17:13.300Z,XBTUSD,Buy,100,29863.0,ZeroPlusTick,ea0b7698-e9e2-ee11-15a2-9f90e2a254cb,334863,0.00334863,100.0,Regular
2023-07-22T16:17:13.300Z,XBTUSD,Buy,100,29863.0,ZeroPlusTick,24df08f7-fcbf-fa44-0924-e4758bed6dc1,334863,0.00334863,100.0,Regular
2023-07-22T16:17:13.300Z,XBTUSD,Buy,1000,29863.0,ZeroPlusTick,554735e8-cec9-d97a-f777-fef59d3e7a0a,3348630,0.0334863,1000.0,Regular
2023-07-22T16:17:13.300Z,XBTUSD,Buy,700,29863.0,ZeroPlusTick,03a0ce76-22e4-67a0-92c2-43fd48f8f6ea,2344041,0.02344041,700.0,Regular
2023-07-22T16:17:13.300Z,XBTUSD,Buy,6900,29863.0,ZeroPlusTick,f07bc34d-319f-8619-5a47-d403d9135ae0,23105547,0.23105547,6900.0,Regular
2023-07-22T16:17:13.300Z,XBTUSD,Buy,100,29863.0,ZeroPlusTick,699d12a7-43ec-f024-2b52-af8454b09df0,334863,0.00334863,100.0,Regular
2023-07-22T16:17:13.300Z,XBTUSD,Buy,100,29863.0,ZeroPlusTick,d1283d4b-be17-c0b3-966a-31e465597e8d,334863,0.00334863,100.0,Regular
2023-07-22T16:17:13.300Z,XBTUSD,Buy,30300,29863.0,ZeroPlusTick,d6aa6769-6dff-107b-fbce-05b597967854,101463489,1.01463489,30300.0,Regular
2023-07-22T16:17:13.300Z,XBTUSD,Buy,100,29863.0,ZeroPlusTick,0992558b-2c42-8325-dcdd-5461ec8e9d40,334863,0.00334863,100.0,Regular
2023-07-22T16:17:13.300Z,XBTUSD,Buy,500,29863.0,ZeroPlusTick,af6e4c07-f197-9fe2-b67f-54679bd64a21,1674315,0.01674315,500.0,Regular
2023-07-22T16:17:13.300Z,XBTUSD,Buy,600,29863.0,ZeroPlusTick,8395a481-e1c5-0b7f-6085-a4945924ee7e,2009178,0.02009178,600.0,Regular
2023-07-22T16:17:13.300Z,XBTUSD,Buy,100,29863.0,ZeroPlusTick,72d67743-9b39-69e3-569d-1f7cb2beffd8,334863,0.00334863,100.0,Regular
2023-07-22T16:17:13.300Z,XBTUSD,Buy,100,29863.0,ZeroPlusTick,d66e9bb6-405b-fb8f-7122-f5a460c2b5c9,334863,0.00334863,100.0,Regular
2023-07-22T16:17:13.300Z,XBTUSD,Buy,100,29863.0,ZeroPlusTick,75074ae8-f387-2258-fcef-fbc8160caad0,334863,0.00334863,100.0,Regular
2023-07-22T16:17:13.300Z,XBTUSD,Buy,46100,29863.0,ZeroPlusTick,ca0c19a7-723e-f60e-23b3-29e1169e4172,154371843,1.54371843,46100.0,Regular
2023-07-22T16:17:13.300Z,XBTUSD,Buy,2200,29863.0,ZeroPlusTick,139caceb-5b23-ffa9-4e19-88ae1646ad75,7366986,0.07366986,2200.0,Regular
2023-07-22T16:17:13.300Z,XBTUSD,Buy,4200,29863.0,ZeroPlusTick,d3f169f6-2f57-7263-1b5b-c27462f2ab3b,14064246,0.14064246,4200.0,Regular
2023-07-22T16:17:13.300Z,XBTUSD,Buy,100,29863.0,ZeroPlusTick,a5a300eb-2284-a884-92c3-786dea2d0db1,334863,0.00334863,100.0,Regular
2023-07-22T16:17:13.300Z,XBTUSD,Buy,500,29863.0,ZeroPlusTick,d78a152c-cc39-7d48-e2fd-23247f323fab,1674315,0.01674315,500.0,Regular
2023-07-22T16:17:13.307Z,XBTUSD,Buy,17200,29863.0,ZeroPlusTick,d1388336-04e9-ec51-daf8-8c781fa0a25f,57596436,0.57596436,17200.0,Regular
2023-07-22T16:17:13.307Z,XBTUSD,Buy,200,29863.0,ZeroPlusTick,09c8729d-ca24-b4e9-11f2-a4736a551932,669726,0.00669726,200.0,Regular
2023-07-22T16:17:17.882Z,XBTUSD,Buy,100,29864.0,PlusTick,919238f3-2098-ee5e-4172-d15818a44633,334851,0.00334851,100.0,Regular
2023-07-22T16:17:17.882Z,XBTUSD,Buy,100,29864.0,ZeroPlusTick,e1f6d099-61d9-3c33-1eb8-601a14f947ee,334851,0.00334851,100.0,Regular
2023-07-22T16:17:17.882Z,XBTUSD,Buy,100,29864.0,ZeroPlusTick,d180ffb9-b9ab-0040-3163-eca87a94e62c,334851,0.00334851,100.0,Regular
2023-07-22T16:17:17.882Z,XBTUSD,Buy,300,29864.0,ZeroPlusTick,5edda029-270a-f42b-fd12-8f5eda1f7251,1004553,0.01004553,300.0,Regular
2023-07-22T16:17:17.882Z,XBTUSD,Buy,400,29864.0,ZeroPlusTick,579519bd-ef7d-32cd-b4dd-2db4d6a235aa,1339404,0.01339404,400.0,Regular
2023-07-22T16:18:07.449Z,XBTUSD,Buy,100,29865.0,PlusTick,f3bbaa4a-433c-d89a-8f5a-b62c3d77ff0d,334840,0.0033484,100.0,Regular
2023-07-22T16:18:07.449Z,XBTUSD,Buy,300,29865.0,ZeroPlusTick,ef09d046-7095-3513-ba55-afd82bcf9c5a,1004520,0.0100452,300.0,Regular
2023-07-22T16:18:07.449Z,XBTUSD,Buy,1600,29865.0,ZeroPlusTick,fb963764-5609-ac3d-5898-144410aefe4e,5357440,0.0535744,1600.0,Regular
2023-07-22T16:18:46.378Z,XBTUSD,Buy,10000,29865.0,ZeroPlusTick,0d46fba3-f881-2c94-bd80-8ce2c20c01ff,33484000,0.33484,10000.0,Regular
2023-07-22T16:18:46.383Z,XBTUSD,Buy,400,29865.0,ZeroPlusTick,460954a5-b50f-e731-1c69-02c51085f809,1339360,0.0133936,400.0,Regular
2023-07-22T16:18:46.383Z,XBTUSD,Buy,11500,29865.0,ZeroPlusTick,de11da05-ec6d-0a0c-a8e6-6793b022096c,38506600,0.385066,11500.0,Regular
2023-07-22T16:18:46.383Z,XBTUSD,Buy,1700,29865.0,ZeroPlusTick,5a36d7b2-a7a1-2087-1d3d-02d176330b26,5692280,0.0569228,1700.0,Regular
2023-07-22T16:18:46.383Z,XBTUSD,Buy,500,29865.0,ZeroPlusTick,a9696a40-f248-f020-a514-c6a699a5cad9,1674200,0.016742,500.0,Regular
2023-07-22T16:18:46.383Z,XBTUSD,Buy,1000,29865.0,ZeroPlusTick,7b9bed51-eb65-1065-2446-c7a13edfa183,3348400,0.033484,1000.0,Regular
2023-07-22T16:18:46.383Z,XBTUSD,Buy,19900,29865.0,ZeroPlusTick,a3ca4be8-4022-03c1-a86b-445de89dc5ed,66633160,0.6663316,19900.0,Regular
2023-07-22T16:18:46.383Z,XBTUSD,Buy,200,29865.0,ZeroPlusTick,11e6698a-aeb6-315b-90e9-2d452c8fe6e2,669680,0.0066968,200.0,Regular
2023-07-22T16:18:46.383Z,XBTUSD,Buy,100,29865.0,ZeroPlusTick,e6055b97-33e3-51c4-8ef3-9a6ac62ee8c7,334840,0.0033484,100.0,Regular
2023-07-22T16:18:46.383Z,XBTUSD,Buy,100,29866.0,PlusTick,c5044aba-6968-1e79-1f58-64f65d205693,334829,0.00334829,100.0,Regular
2023-07-22T16:18:46.383Z,XBTUSD,Buy,100,29866.0,ZeroPlusTick,44a34359-23a6-989f-c7a9-b227d1a509c2,334829,0.00334829,100.0,Regular
2023-07-22T16:18:46.383Z,XBTUSD,Buy,5000,29866.0,ZeroPlusTick,f12515bc-dbee-1162-db90-12330a68b449,16741450,0.1674145,5000.0,Regular
2023-07-22T16:18:46.383Z,XBTUSD,Buy,100,29866.0,ZeroPlusTick,e966a397-63fb-6e0b-33bd-a8e5fb565ab8,334829,0.00334829,100.0,Regular
2023-07-22T16:18:46.383Z,XBTUSD,Buy,100,29866.0,ZeroPlusTick,670476be-14a2-64e6-751f-742a14ff8b2b,334829,0.00334829,100.0,Regular
2023-07-22T16:18:46.383Z,XBTUSD,Buy,100,29866.0,ZeroPlusTick,e336f623-ff7e-7638-c378-af9cd131a0d3,334829,0.00334829,100.0,Regular
2023-07-22T16:18:46.383Z,XBTUSD,Buy,100,29866.0,ZeroPlusTick,7bd80225-1e56-33c5-d558-cba637188008,334829,0.00334829,100.0,Regular
2023-07-22T16:18:46.383Z,XBTUSD,Buy,100,29866.0,ZeroPlusTick,96b397da-8629-ba9c-33cf-986357bdc1b1,334829,0.00334829,100.0,Regular
2023-07-22T16:18:46.426Z,XBTUSD,Buy,400,29866.5,PlusTick,10e4fdf1-bbe3-c606-138b-b8af7ce64a96,1339292,0.01339292,400.0,Regular
2023-07-22T16:18:46.451Z,XBTUSD,Buy,400,29866.5,ZeroPlusTick,c10bce1a-e0a1-7059-3ad9-0fbe95ea9a96,1339292,0.01339292,400.0,Regular
2023-07-22T16:18:46.461Z,XBTUSD,Buy,400,29866.5,ZeroPlusTick,1b7d767f-cba5-d9d1-cc73-e76949251fd6,1339292,0.01339292,400.0,Regular
2023-07-22T16:18:46.746Z,XBTUSD,Buy,900,29868.0,PlusTick,4141c1e9-9f3d-1e79-9ccd-2a11acf98dee,3013254,0.03013254,900.0,Regular
2023-07-22T16:18:46.746Z,XBTUSD,Buy,1000,29868.0,ZeroPlusTick,38468331-1386-4c85-392b-1a88a33cdbbd,3348060,0.0334806,1000.0,Regular
2023-07-22T16:18:46.776Z,XBTUSD,Buy,3800,29868.0,ZeroPlusTick,7d07b655-61af-34b8-5e56-adfd8be1ddc3,12722628,0.12722628,3800.0,Regular
2023-07-22T16:18:46.795Z,XBTUSD,Buy,200,29868.0,ZeroPlusTick,cc06d1db-510b-b238-2eb1-02dd7bf5cde5,669612,0.00669612,200.0,Regular
2023-07-22T16:18:46.872Z,XBTUSD,Buy,200,29869.5,PlusTick,80549f2d-0396-e85d-25ca-e41dc3727db7,669580,0.0066958,200.0,Regular
2023-07-22T16:18:47.551Z,XBTUSD,Buy,100,29870.0,PlusTick,37fd54d4-f051-c776-8c80-651f418a6ef3,334784,0.00334784,100.0,Regular
2023-07-22T16:18:47.551Z,XBTUSD,Buy,800,29870.0,ZeroPlusTick,9e1dd3c9-599b-dc00-f2e9-168c4a7282d5,2678272,0.02678272,800.0,Regular
2023-07-22T16:18:47.551Z,XBTUSD,Buy,1700,29870.0,ZeroPlusTick,61335701-b4b3-20f5-5c6e-e18a1bd68f10,5691328,0.05691328,1700.0,Regular
2023-07-22T16:18:47.741Z,XBTUSD,Buy,300,29870.0,ZeroPlusTick,f1f22e21-6e07-7d89-1aa9-fcc62af6eaaa,1004352,0.01004352,300.0,Regular
2023-07-22T16:18:47.746Z,XBTUSD,Buy,2700,29870.0,ZeroPlusTick,423626ce-6810-c346-679f-452ab1fe384e,9039168,0.09039168,2700.0,Regular
2023-07-22T16:18:47.750Z,XBTUSD,Buy,300,29870.0,ZeroPlusTick,b891af79-8d07-c0e8-1612-64bbf3ac4f9f,1004352,0.01004352,300.0,Regular
2023-07-22T16:18:48.098Z,XBTUSD,Buy,1200,29871.0,PlusTick,4efaba6b-1b97-0c0f-2fdf-b12830c21649,4017276,0.04017276,1200.0,Regular
2023-07-22T16:18:52.145Z,XBTUSD,Buy,1000,29872.0,PlusTick,2aa30461-a57f-a857-602e-a2aa0fe1e44d,3347620,0.0334762,1000.0,Regular
2023-07-22T16:19:31.916Z,XBTUSD,Buy,100,29873.0,PlusTick,3a6202ea-4faf-ef93-aa7d-08a146f1bbdf,334750,0.0033475,100.0,Regular
2023-07-22T16:19:31.916Z,XBTUSD,Buy,100,29873.0,ZeroPlusTick,63ac894e-3433-66c4-9967-231ae04325d7,334750,0.0033475,100.0,Regular
2023-07-22T16:19:31.916Z,XBTUSD,Buy,5600,29873.0,ZeroPlusTick,7492eb1c-e48e-c085-7927-10ec0f93021e,18746000,0.18746,5600.0,Regular
2023-07-22T16:19:31.916Z,XBTUSD,Buy,36000,29873.0,ZeroPlusTick,8719fcf3-940c-49e3-436d-92d2647a18fe,120510000,1.2051,36000.0,Regular
2023-07-22T16:19:31.916Z,XBTUSD,Buy,27000,29873.0,ZeroPlusTick,42b5a02e-3dd2-f6ae-d892-333d3e2d9d2c,90382500,0.903825,27000.0,Regular
2023-07-22T16:19:49.464Z,XBTUSD,Buy,100,29874.0,PlusTick,02eb37f6-5342-0d6a-7cac-395af7e0344d,334739,0.00334739,100.0,Regular
2023-07-22T16:19:49.464Z,XBTUSD,Buy,100,29874.0,ZeroPlusTick,8f06391d-7a64-ee37-edc3-1ae1a8233613,334739,0.00334739,100.0,Regular
2023-07-22T16:19:49.464Z,XBTUSD,Buy,3000,29874.0,ZeroPlusTick,504a21c0-cb22-5f68-d975-58ab5e33f801,10042170,0.1004217,3000.0,Regular
2023-07-22T16:19:49.464Z,XBTUSD,Buy,500,29874.0,ZeroPlusTick,bee160af-7b8d-7cef-7016-c95cdcc989a5,1673695,0.01673695,500.0,Regular
2023-07-22T16:19:49.464Z,XBTUSD,Buy,2800,29874.0,ZeroPlusTick,e9428829-41d6-29e6-b0cc-3e8ed85143b9,9372692,0.09372692,2800.0,Regular
2023-07-22T16:19:49.464Z,XBTUSD,Buy,500,29874.0,ZeroPlusTick,b8dbb8fc-fa0f-f98f-7996-b0ab332067bc,1673695,0.01673695,500.0,Regular
2023-07-22T16:19:49.464Z,XBTUSD,Buy,200,29874.0,ZeroPlusTick,442b1897-1826-1fe3-6283-f2ec16e560cf,669478,0.00669478,200.0,Regular
2023-07-22T16:19:49.464Z,XBTUSD,Buy,100,29874.0,ZeroPlusTick,f5be0994-7be9-ac3c-e2cc-0ef6c012f7ed,334739,0.00334739,100.0,Regular
2023-07-22T16:19:49.464Z,XBTUSD,Buy,51600,29874.0,ZeroPlusTick,46941b15-067f-505e-997e-b8bab388ab4a,172725324,1.72725324,51600.0,Regular
2023-07-22T16:19:49.464Z,XBTUSD,Buy,1400,29874.0,ZeroPlusTick,b5cc7739-1b9c-eeab-a962-0885b0354471,4686346,0.04686346,1400.0,Regular
2023-07-22T16:21:02.633Z,XBTUSD,Sell,700,29874.5,PlusTick,199b03b7-b97c-4f36-69ba-a41d1119e786,2343138,0.02343138,700.0,Regular
2023-07-22T16:21:18.791Z,XBTUSD,Buy,1200,29875.0,PlusTick,1a82d2f2-eadc-b1f6-db28-92471de30b06,4016736,0.04016736,1200.0,Regular
2023-07-22T16:21:18.791Z,XBTUSD,Buy,300,29875.0,ZeroPlusTick,48f2e3d2-e0a4-8332-8b08-b1deb9da1703,1004184,0.01004184,300.0,Regular
2023-07-22T16:21:18.791Z,XBTUSD,Buy,26400,29875.0,ZeroPlusTick,28f20eb2-92d8-7ce9-22dc-4ce81b52e18a,88368192,0.88368192,26400.0,Regular
2023-07-22T16:21:18.791Z,XBTUSD,Buy,100,29875.0,ZeroPlusTick,e6465309-6d22-63d1-89a3-dd96449ac2a6,334728,0.00334728,100.0,Regular
2023-07-22T16:21:18.791Z,XBTUSD,Buy,600,29875.0,ZeroPlusTick,2afaacda-7ed3-9dce-15d0-bf89a6fee463,2008368,0.02008368,600.0,Regular
2023-07-22T16:21:18.791Z,XBTUSD,Buy,100,29875.0,ZeroPlusTick,06313886-d13b-51c5-c7e4-efc99df855b2,334728,0.00334728,100.0,Regular
2023-07-22T16:21:18.791Z,XBTUSD,Buy,2100,29875.0,ZeroPlusTick,e5ddc666-d839-cfeb-7260-e061835fe5a9,7029288,0.07029288,2100.0,Regular
2023-07-22T16:21:18.791Z,XBTUSD,Buy,17800,29875.0,ZeroPlusTick,6dc523b6-4b9a-31c4-a9ef-d76e3045dbd4,59581584,0.59581584,17800.0,Regular
2023-07-22T16:21:18.791Z,XBTUSD,Buy,100,29875.0,ZeroPlusTick,d30059bc-f106-93c8-8a11-8a5e0839bfd7,334728,0.00334728,100.0,Regular
2023-07-22T16:21:18.791Z,XBTUSD,Buy,46900,29875.0,ZeroPlusTick,5107ab22-fa7e-d7e1-220c-bda48039ea60,156987432,1.56987432,46900.0,Regular
2023-07-22T16:21:18.791Z,XBTUSD,Buy,300,29875.0,ZeroPlusTick,55fbe8bc-5ad8-d331-277d-1b8a9c012ef1,1004184,0.01004184,300.0,Regular
2023-07-22T16:21:18.791Z,XBTUSD,Buy,7100,29875.0,ZeroPlusTick,204bc519-713a-dae9-f23d-f398ad9795ef,23765688,0.23765688,7100.0,Regular
2023-07-22T16:21:18.791Z,XBTUSD,Buy,2200,29875.5,PlusTick,13c5646a-98f1-2a6a-a045-3e675bc45174,7363884,0.07363884,2200.0,Regular
2023-07-22T16:21:18.880Z,XBTUSD,Buy,2200,29876.5,PlusTick,0973726f-626b-d9e9-387a-de38fe9ef8b6,7363642,0.07363642,2200.0,Regular
2023-07-22T16:21:18.880Z,XBTUSD,Buy,3000,29876.5,ZeroPlusTick,f144ccab-fb9c-e29d-5fc3-9b42cd32a3da,10041330,0.1004133,3000.0,Regular
2023-07-22T16:21:18.880Z,XBTUSD,Buy,34100,29876.5,ZeroPlusTick,b9236d82-c4cd-0a4a-0fef-ad473307b9df,114136451,1.14136451,34100.0,Regular
2023-07-22T16:23:07.048Z,XBTUSD,Buy,100,29878.0,PlusTick,38e26852-1d08-a66c-32b5-921eda4d2ce7,334694,0.00334694,100.0,Regular
2023-07-22T16:23:07.048Z,XBTUSD,Buy,500,29878.0,ZeroPlusTick,e4214aa2-a204-c1b2-efc7-b53cf5d5131b,1673470,0.0167347,500.0,Regular
2023-07-22T16:23:07.048Z,XBTUSD,Buy,100,29878.0,ZeroPlusTick,79110aed-94c6-5fe8-0c8b-ad444af20afe,334694,0.00334694,100.0,Regular
2023-07-22T16:23:07.048Z,XBTUSD,Buy,11100,29878.0,ZeroPlusTick,5019d7f8-8c0b-7c8f-b4ea-3b266b93242f,37151034,0.37151034,11100.0,Regular
2023-07-22T16:23:07.048Z,XBTUSD,Buy,11900,29878.0,ZeroPlusTick,e69355ab-5d44-7430-aff3-3a8076131f53,39828586,0.39828586,11900.0,Regular
2023-07-22T16:23:07.048Z,XBTUSD,Buy,100,29878.0,ZeroPlusTick,ce9b0cd0-b809-cf43-4b84-43b51bdcbb2e,334694,0.00334694,100.0,Regular
2023-07-22T16:23:07.048Z,XBTUSD,Buy,15800,29878.0,ZeroPlusTick,c54ef3c0-04b8-07ee-e2ae-b6fd2aa5ebf5,52881652,0.52881652,15800.0,Regular
2023-07-22T16:24:09.228Z,XBTUSD,Buy,1800,29878.0,ZeroPlusTick,80fc9054-6c2a-dfc5-1a0f-2ac8c7dfd828,6024492,0.06024492,1800.0,Regular
2023-07-22T16:24:39.364Z,XBTUSD,Buy,400,29878.0,ZeroPlusTick,78f4f43a-b94d-8c8f-f522-adc1e9ffee10,1338776,0.01338776,400.0,Regular
2023-07-22T16:24:40.945Z,XBTUSD,Buy,400,29878.0,ZeroPlusTick,d5789494-cb0c-3466-a0a2-247f83956b9f,1338776,0.01338776,400.0,Regular
2023-07-22T16:26:37.094Z,XBTUSD,Buy,300,29878.0,ZeroPlusTick,d4c2e075-3d18-73a8-9376-a90998465765,1004082,0.01004082,300.0,Regular
2023-07-22T16:26:37.094Z,XBTUSD,Buy,100,29878.0,ZeroPlusTick,11c02286-b3be-1c5d-b0be-263c60eb1c40,334694,0.00334694,100.0,Regular
2023-07-22T16:26:38.450Z,XBTUSD,Buy,400,29878.0,ZeroPlusTick,d7d9d579-aedf-6dcb-34b6-6e04af65df23,1338776,0.01338776,400.0,Regular
2023-07-22T16:26:49.424Z,XBTUSD,Buy,400,29878.0,ZeroPlusTick,8a452d90-30af-defa-19f2-6216edadb6db,1338776,0.01338776,400.0,Regular
2023-07-22T16:27:29.220Z,XBTUSD,Sell,25100,29877.5,MinusTick,2b4136db-bc2f-8fb9-a664-4f07fce414d8,84009700,0.840097,25100.0,Regular
2023-07-22T16:27:29.220Z,XBTUSD,Sell,100,29877.5,ZeroMinusTick,649253e4-2456-eecf-75eb-6aa938aac591,334700,0.003347,100.0,Regular
2023-07-22T16:27:29.220Z,XBTUSD,Sell,69200,29877.5,ZeroMinusTick,2bc25ef9-309e-c879-54c4-b3ffb27d1dd5,231612400,2.316124,69200.0,Regular
2023-07-22T16:27:29.220Z,XBTUSD,Sell,57000,29877.5,ZeroMinusTick,8c292249-4666-2a97-4925-7bc9e7b8b828,190779000,1.90779,57000.0,Regular
2023-07-22T16:27:29.220Z,XBTUSD,Sell,21100,29877.5,ZeroMinusTick,6dfc20a5-d8e2-18d1-d438-fd9f8ef8b864,70621700,0.706217,21100.0,Regular
2023-07-22T16:27:29.220Z,XBTUSD,Sell,100,29877.5,ZeroMinusTick,fb8fb829-b4e4-49d5-cbd7-79a24030f12b,334700,0.003347,100.0,Regular
2023-07-22T16:27:29.220Z,XBTUSD,Sell,200,29877.5,ZeroMinusTick,45cf80f1-d0b0-4926-ed59-2c4ca018a513,669400,0.006694,200.0,Regular
2023-07-22T16:27:29.220Z,XBTUSD,Sell,15600,29877.5,ZeroMinusTick,b38aa509-b350-c2cf-0850-025caa480452,52213200,0.522132,15600.0,Regular
2023-07-22T16:27:29.220Z,XBTUSD,Sell,600,29877.5,ZeroMinusTick,1b478b17-65ae-4706-1731-679016d1c92d,2008200,0.020082,600.0,Regular
2023-07-22T16:27:29.220Z,XBTUSD,Sell,100,29877.5,ZeroMinusTick,5b68e628-ddb7-2a40-b9ff-4c084fb25e4b,334700,0.003347,100.0,Regular
2023-07-22T16:27:29.220Z,XBTUSD,Sell,5800,29877.5,ZeroMinusTick,ec983cce-b982-1f81-d099-0ddae7142b08,19412600,0.194126,5800.0,Regular
2023-07-22T16:27:29.220Z,XBTUSD,Sell,500,29877.5,ZeroMinusTick,6fdca404-6d42-e02b-9bcc-7e01ae646e95,1673500,0.016735,500.0,Regular
2023-07-22T16:27:29.220Z,XBTUSD,Sell,3000,29877.5,ZeroMinusTick,9242f52a-47d5-c8c2-7822-437c14d05b15,10041000,0.10041,3000.0,Regular
2023-07-22T16:27:29.220Z,XBTUSD,Sell,20800,29877.5,ZeroMinusTick,b7876c38-56ac-58f0-2684-eb3335dff702,69617600,0.696176,20800.0,Regular
2023-07-22T16:27:29.220Z,XBTUSD,Sell,100,29877.5,ZeroMinusTick,db629944-be03-6d34-873a-67f73735d186,334700,0.003347,100.0,Regular
2023-07-22T16:27:29.220Z,XBTUSD,Sell,400,29877.5,ZeroMinusTick,43bb4867-8de5-9528-7e7d-60af6cea4405,1338800,0.013388,400.0,Regular
2023-07-22T16:27:29.220Z,XBTUSD,Sell,100,29877.5,ZeroMinusTick,37ecd2cb-921b-1abc-81ca-a339e295f7bd,334700,0.003347,100.0,Regular
2023-07-22T16:27:29.220Z,XBTUSD,Sell,100,29877.5,ZeroMinusTick,3edad2fa-8a50-4a6b-1123-d72e6fb1b562,334700,0.003347,100.0,Regular
2023-07-22T16:27:29.220Z,XBTUSD,Sell,1100,29877.5,ZeroMinusTick,51d6a966-0b50-ff62-4d40-80440c3c5850,3681700,0.036817,1100.0,Regular
2023-07-22T16:27:29.220Z,XBTUSD,Sell,10900,29877.5,ZeroMinusTick,691dbc9a-4ef7-6e64-73a4-6768dc19e6fa,36482300,0.364823,10900.0,Regular
2023-07-22T16:27:29.233Z,XBTUSD,Sell,3800,29877.5,ZeroMinusTick,ff6e32a4-e28c-befb-1cf1-8d7d7127d75c,12718600,0.127186,3800.0,Regular
2023-07-22T16:27:29.233Z,XBTUSD,Sell,100,29877.5,ZeroMinusTick,897b024b-a51b-3118-7ee3-69a6f792b65e,334700,0.003347,100.0,Regular
2023-07-22T16:27:29.233Z,XBTUSD,Sell,400,29877.5,ZeroMinusTick,abb58596-cdaf-fac1-f52f-7284d92a2ee0,1338800,0.013388,400.0,Regular
2023-07-22T16:27:29.233Z,XBTUSD,Sell,100,29877.5,ZeroMinusTick,fcc6941d-8422-2ae0-e717-e9a1abab04f7,334700,0.003347,100.0,Regular
2023-07-22T16:27:45.777Z,XBTUSD,Sell,100,29876.5,MinusTick,89cf5e11-5663-1017-e0c7-5c7f48d1be09,334711,0.00334711,100.0,Regular
2023-07-22T16:27:45.777Z,XBTUSD,Sell,1200,29876.5,ZeroMinusTick,654dc626-0b07-b54c-b24a-1c5c8f05c1b2,4016532,0.04016532,1200.0,Regular
2023-07-22T16:28:33.683Z,XBTUSD,Sell,4200,29876.5,ZeroMinusTick,6b1ed1e7-dde5-a921-6a4b-166142cc0345,14057862,0.14057862,4200.0,Regular
2023-07-22T16:28:57.162Z,XBTUSD,Sell,100,29876.5,ZeroMinusTick,1f69746e-9091-75f4-dff9-4b52aa37a97a,334711,0.00334711,100.0,Regular
2023-07-22T16:28:57.162Z,XBTUSD,Sell,300,29876.5,ZeroMinusTick,c125bd8d-9aa1-b6b7-7ea6-9a09c2a7ccf7,1004133,0.01004133,300.0,Regular
2023-07-22T16:28:57.162Z,XBTUSD,Sell,100,29876.5,ZeroMinusTick,5aa61668-33c6-ce9c-a00f-356b70d83121,334711,0.00334711,100.0,Regular
2023-07-22T16:28:57.162Z,XBTUSD,Sell,400,29876.5,ZeroMinusTick,4a479369-92be-0410-348d-320d978c8b92,1338844,0.01338844,400.0,Regular
2023-07-22T16:28:59.260Z,XBTUSD,Sell,1000,29876.5,ZeroMinusTick,5a4ae4bf-d901-0d14-3cfe-94f541db0305,3347110,0.0334711,1000.0,Regular
2023-07-22T16:28:59.260Z,XBTUSD,Sell,800,29876.5,ZeroMinusTick,2390c348-28d9-cf8a-16f4-f28784868f30,2677688,0.02677688,800.0,Regular
2023-07-22T16:31:30.706Z,XBTUSD,Buy,78400,29877.0,PlusTick,259a8508-ed8e-c8da-66a2-d64021cb3073,262409504,2.62409504,78400.0,Regular
2023-07-22T16:31:30.706Z,XBTUSD,Buy,22400,29877.0,ZeroPlusTick,eaac4363-ea3c-75a7-9e34-fbb61bb6699b,74974144,0.74974144,22400.0,Regular
2023-07-22T16:31:30.706Z,XBTUSD,Buy,100,29877.0,ZeroPlusTick,e3584935-f40a-9c42-aa3c-0b302274160a,334706,0.00334706,100.0,Regular
2023-07-22T16:31:30.706Z,XBTUSD,Buy,300,29877.0,ZeroPlusTick,49a7209e-b55c-d0e0-82a4-828e160e2312,1004118,0.01004118,300.0,Regular
2023-07-22T16:31:30.706Z,XBTUSD,Buy,100,29877.0,ZeroPlusTick,0f98bf70-8ea2-92b8-23ca-7b1395e99195,334706,0.00334706,100.0,Regular
2023-07-22T16:31:30.706Z,XBTUSD,Buy,100,29877.0,ZeroPlusTick,14f476f3-67fe-c48f-39ed-bac0affd63fd,334706,0.00334706,100.0,Regular
2023-07-22T16:31:30.706Z,XBTUSD,Buy,100,29877.0,ZeroPlusTick,d761520a-dda2-92ea-ef6d-b45b6be12661,334706,0.00334706,100.0,Regular
2023-07-22T16:31:30.706Z,XBTUSD,Buy,13300,29877.0,ZeroPlusTick,a1d1516c-39c6-0634-63c1-90f361b76803,44515898,0.44515898,13300.0,Regular
2023-07-22T16:31:30.706Z,XBTUSD,Buy,100,29877.0,ZeroPlusTick,6d090d6f-6ef2-41de-f6d8-4df77553f43b,334706,0.00334706,100.0,Regular
2023-07-22T16:31:30.706Z,XBTUSD,Buy,100,29877.0,ZeroPlusTick,274e9562-1c2d-ef60-37d6-a3699307893a,334706,0.00334706,100.0,Regular
2023-07-22T16:31:30.706Z,XBTUSD,Buy,2900,29877.0,ZeroPlusTick,c6cac84d-f483-0d88-f12b-35498ec57c23,9706474,0.09706474,2900.0,Regular
2023-07-22T16:31:30.706Z,XBTUSD,Buy,3600,29877.0,ZeroPlusTick,719c2877-92ff-6c73-97f4-835a61ffd710,12049416,0.12049416,3600.0,Regular
2023-07-22T16:31:30.706Z,XBTUSD,Buy,6700,29877.0,ZeroPlusTick,7d973e0b-34cb-ee85-dbe1-f5d43fae0974,22425302,0.22425302,6700.0,Regular
2023-07-22T16:31:30.706Z,XBTUSD,Buy,100,29877.0,ZeroPlusTick,b8ebd21f-5b29-976e-2e0f-e25dbc5d14e0,334706,0.00334706,100.0,Regular
2023-07-22T16:31:30.706Z,XBTUSD,Buy,17600,29877.0,ZeroPlusTick,ebb6295d-2e85-38c4-9d64-852fa4833dbc,58908256,0.58908256,17600.0,Regular
2023-07-22T16:31:30.706Z,XBTUSD,Buy,36000,29877.0,ZeroPlusTick,e216d39f-c816-baa7-c9d4-72c5117b5f7a,120494160,1.2049416,36000.0,Regular
2023-07-22T16:31:30.706Z,XBTUSD,Buy,13700,29877.0,ZeroPlusTick,c1555810-1db4-2079-9d4e-58b788b06bf7,45854722,0.45854722,13700.0,Regular
2023-07-22T16:31:30.706Z,XBTUSD,Buy,3000,29877.0,ZeroPlusTick,17704f12-ac81-f97d-89ac-75c56d840c14,10041180,0.1004118,3000.0,Regular
2023-07-22T16:31:30.706Z,XBTUSD,Buy,20100,29877.0,ZeroPlusTick,735f4f68-4f6a-b643-e7ec-7d60624f7709,67275906,0.67275906,20100.0,Regular
2023-07-22T16:31:36.516Z,XBTUSD,Buy,100,29877.0,ZeroPlusTick,7f2dcdbf-5df6-1d74-8e77-175c0a74eff6,334706,0.00334706,100.0,Regular
2023-07-22T16:31:51.319Z,XBTUSD,Buy,17000,29877.0,ZeroPlusTick,3a15c0f2-a59e-a5a3-64b7-9c77d2d24c2b,56900020,0.5690002,17000.0,Regular
2023-07-22T16:31:51.319Z,XBTUSD,Buy,100,29877.0,ZeroPlusTick,fe7fa5c5-47ad-19f9-57b3-beaac7047274,334706,0.00334706,100.0,Regular
2023-07-22T16:31:51.319Z,XBTUSD,Buy,3100,29877.0,ZeroPlusTick,72191343-f020-7b74-fdf1-491c1bd6a6eb,10375886,0.10375886,3100.0,Regular
2023-07-22T16:31:51.319Z,XBTUSD,Buy,300,29877.0,ZeroPlusTick,e68c0a17-ae26-0898-13d1-47e88f92e18a,1004118,0.01004118,300.0,Regular
2023-07-22T16:31:51.319Z,XBTUSD,Buy,100,29877.0,ZeroPlusTick,1c205009-01d9-2820-211f-a9b5eafb74a4,334706,0.00334706,100.0,Regular
2023-07-22T16:31:51.319Z,XBTUSD,Buy,900,29877.0,ZeroPlusTick,acbd0d1a-f092-1a5c-18bf-5c75db6fb016,3012354,0.03012354,900.0,Regular
2023-07-22T16:31:51.319Z,XBTUSD,Buy,2200,29877.0,ZeroPlusTick,ec0a6490-7910-d085-d03e-c33386857736,7363532,0.07363532,2200.0,Regular
2023-07-22T16:31:51.324Z,XBTUSD,Buy,22200,29877.0,ZeroPlusTick,d30adee1-451c-6f14-89b6-f150938860ce,74304732,0.74304732,22200.0,Regular
2023-07-22T16:31:51.337Z,XBTUSD,Buy,21800,29877.0,ZeroPlusTick,7177cdc0-0e3f-1986-2ea9-037db183e041,72965908,0.72965908,21800.0,Regular
2023-07-22T16:31:51.337Z,XBTUSD,Buy,300,29877.0,ZeroPlusTick,c7bb654b-5b3c-96e1-03f2-0d11838396cd,1004118,0.01004118,300.0,Regular
2023-07-22T16:31:51.337Z,XBTUSD,Buy,3100,29877.0,ZeroPlusTick,682d24bc-9fc4-bcde-28f8-3d8580b2aa73,10375886,0.10375886,3100.0,Regular
2023-07-22T16:31:51.339Z,XBTUSD,Buy,8900,29877.0,ZeroPlusTick,2cd8138c-6ad7-b9a6-7f88-e5c0da9cf94b,29788834,0.29788834,8900.0,Regular
2023-07-22T16:31:51.339Z,XBTUSD,Buy,100,29877.0,ZeroPlusTick,9dc5f1a5-24da-b4ca-8639-6fc1cad9df38,334706,0.00334706,100.0,Regular
2023-07-22T16:31:51.339Z,XBTUSD,Buy,900,29877.0,ZeroPlusTick,ec5a9530-912d-32dd-49fc-e9f453d95700,3012354,0.03012354,900.0,Regular
2023-07-22T16:31:51.344Z,XBTUSD,Buy,18600,29877.0,ZeroPlusTick,7cf4b39d-3771-db9d-56ae-c847f81d144a,62255316,0.62255316,18600.0,Regular
2023-07-22T16:31:51.346Z,XBTUSD,Buy,7700,29877.0,ZeroPlusTick,afe4ce38-a586-e955-5f70-9c6cab3c727c,25772362,0.25772362,7700.0,Regular
2023-07-22T16:31:51.346Z,XBTUSD,Buy,100,29877.0,ZeroPlusTick,4dd60668-b916-a950-acea-ff5ffd6317fd,334706,0.00334706,100.0,Regular
2023-07-22T16:31:51.346Z,XBTUSD,Buy,100,29877.0,ZeroPlusTick,84ad95f4-b66c-e1af-88ec-413d5b38e012,334706,0.00334706,100.0,Regular
2023-07-22T16:31:51.346Z,XBTUSD,Buy,1000,29877.0,ZeroPlusTick,67bf6ee0-aa09-c3f7-b2b5-94cd4776771d,3347060,0.0334706,1000.0,Regular
2023-07-22T16:31:51.346Z,XBTUSD,Buy,800,29877.0,ZeroPlusTick,1792c779-ac11-3ef3-e0b5-1fe9da1aed96,2677648,0.02677648,800.0,Regular
2023-07-22T16:31:51.497Z,XBTUSD,Buy,100,29878.0,PlusTick,37477930-346d-8457-cf6b-7c40ae683a64,334694,0.00334694,100.0,Regular
2023-07-22T16:31:51.497Z,XBTUSD,Buy,100,29878.0,ZeroPlusTick,fc672ae0-8083-c3c9-8f34-6eefceaaee85,334694,0.00334694,100.0,Regular
2023-07-22T16:31:51.497Z,XBTUSD,Buy,100,29878.0,ZeroPlusTick,cfc2ae55-99a9-eb4f-510b-b827e5dd8df7,334694,0.00334694,100.0,Regular
2023-07-22T16:31:51.497Z,XBTUSD,Buy,100,29878.0,ZeroPlusTick,abf83cef-61b4-406b-9c28-34844b8ad4b5,334694,0.00334694,100.0,Regular
2023-07-22T16:31:51.497Z,XBTUSD,Buy,100,29878.0,ZeroPlusTick,97c4871e-2bdf-f1db-6eb5-11d7ab030a42,334694,0.00334694,100.0,Regular
2023-07-22T16:31:51.560Z,XBTUSD,Buy,100,29881.0,PlusTick,41c534f2-c06f-01fc-2da2-0975c11ad99e,334661,0.00334661,100.0,Regular
2023-07-22T16:31:51.560Z,XBTUSD,Buy,200,29881.0,ZeroPlusTick,db4e0679-c98d-115d-785a-3e00713cee2d,669322,0.00669322,200.0,Regular
2023-07-22T16:32:07.463Z,XBTUSD,Buy,4400,29881.5,PlusTick,c88b4691-78a2-a459-e4bb-3756df3b207f,14724820,0.1472482,4400.0,Regular
2023-07-22T16:32:07.463Z,XBTUSD,Buy,3600,29881.5,ZeroPlusTick,4be3c254-e199-482b-bdda-5870533382ac,12047580,0.1204758,3600.0,Regular
2023-07-22T16:32:07.467Z,XBTUSD,Buy,2100,29881.5,ZeroPlusTick,ecdcbbec-6d93-e6b6-bd1c-e0e98ed10c54,7027755,0.07027755,2100.0,Regular
2023-07-22T16:32:07.471Z,XBTUSD,Buy,700,29881.5,ZeroPlusTick,b3556225-0feb-769a-39a6-7ccf5fc8fd30,2342585,0.02342585,700.0,Regular
2023-07-22T16:32:07.506Z,XBTUSD,Buy,100,29882.5,PlusTick,8b9e69f5-62aa-09c7-2b36-203d3cde6782,334644,0.00334644,100.0,Regular
2023-07-22T16:32:07.506Z,XBTUSD,Buy,100,29882.5,ZeroPlusTick,a0e9ba8e-09ff-d973-fa68-84e42c707d3b,334644,0.00334644,100.0,Regular
2023-07-22T16:33:32.581Z,XBTUSD,Buy,3000,29884.5,PlusTick,387f77f4-d23c-87b4-9190-468504e48c6f,10038660,0.1003866,3000.0,Regular
2023-07-22T16:33:32.581Z,XBTUSD,Buy,5300,29884.5,ZeroPlusTick,f4809acb-e042-1661-6b49-e0a4ce45a4d6,17734966,0.17734966,5300.0,Regular
2023-07-22T16:33:35.052Z,XBTUSD,Buy,900,29884.5,ZeroPlusTick,1167a703-55fe-8d8d-ded4-e4603a7f5d4d,3011598,0.03011598,900.0,Regular
2023-07-22T16:33:35.052Z,XBTUSD,Buy,2100,29884.5,ZeroPlusTick,97d8cd41-211c-b978-cd0b-ffb8cac5b094,7027062,0.07027062,2100.0,Regular
2023-07-22T16:33:35.568Z,XBTUSD,Buy,3000,29884.5,ZeroPlusTick,f66c4263-0671-1dd8-cd13-e22b1b5d9b99,10038660,0.1003866,3000.0,Regular
2023-07-22T16:33:36.805Z,XBTUSD,Buy,1000,29884.5,ZeroPlusTick,e05c5e9b-8d4d-1abf-92e3-4e59ec1ecbec,3346220,0.0334622,1000.0,Regular
2023-07-22T16:33:48.716Z,XBTUSD,Buy,100,29884.5,ZeroPlusTick,7b9a3d48-b91b-516a-3e6a-f953fd2e1abd,334622,0.00334622,100.0,Regular
2023-07-22T16:33:53.128Z,XBTUSD,Buy,100,29884.5,ZeroPlusTick,2bed5f4a-05f7-ac04-b3d0-80d4c86d222b,334622,0.00334622,100.0,Regular
2023-07-22T16:36:04.391Z,XBTUSD,Buy,10000,29884.5,ZeroPlusTick,735bb3c9-192c-f6af-eeb6-adfd7c4a37bf,33462200,0.334622,10000.0,Regular
2023-07-22T16:36:04.391Z,XBTUSD,Buy,10000,29884.5,ZeroPlusTick,fe60a8ec-d5d7-c5fc-33cb-4c0237adc33f,33462200,0.334622,10000.0,Regular
2023-07-22T16:36:04.391Z,XBTUSD,Buy,10000,29884.5,ZeroPlusTick,ff6247d8-43d9-16c9-2052-0654aca5e547,33462200,0.334622,10000.0,Regular
2023-07-22T16:36:04.418Z,XBTUSD,Buy,1200,29885.0,PlusTick,02978b90-c1f8-f8ed-c9ab-416c22e9e67c,4015392,0.04015392,1200.0,Regular
2023-07-22T16:36:05.170Z,XBTUSD,Buy,100,29885.5,PlusTick,12e10ad2-756a-76da-6180-e1708dc18557,334610,0.0033461,100.0,Regular
2023-07-22T16:36:05.170Z,XBTUSD,Buy,100,29885.5,ZeroPlusTick,522d3af5-c9ca-2866-4261-bdf052a82547,334610,0.0033461,100.0,Regular
2023-07-22T16:36:05.170Z,XBTUSD,Buy,2500,29885.5,ZeroPlusTick,5620fa85-1bcd-acbb-5183-1f05a56795f3,8365250,0.0836525,2500.0,Regular
2023-07-22T16:36:05.175Z,XBTUSD,Buy,30300,29885.5,ZeroPlusTick,13d2d241-06e0-5e5a-92df-af152707c187,101386830,1.0138683,30300.0,Regular
2023-07-22T16:36:05.176Z,XBTUSD,Buy,4500,29886.0,PlusTick,814488ff-cdb1-7ed0-e0b0-d3f3d5b62727,15057225,0.15057225,4500.0,Regular
2023-07-22T16:36:05.188Z,XBTUSD,Buy,500,29886.0,ZeroPlusTick,107ad773-fbb0-4dcb-f611-edf37c11e3ce,1673025,0.01673025,500.0,Regular
2023-07-22T16:36:05.188Z,XBTUSD,Buy,2200,29886.0,ZeroPlusTick,af63b414-7d05-8932-7100-dfd5d20af844,7361310,0.0736131,2200.0,Regular
2023-07-22T16:36:05.208Z,XBTUSD,Buy,2700,29886.5,PlusTick,515cb0ae-7d0c-5316-6b2e-963adec61e74,9034173,0.09034173,2700.0,Regular
2023-07-22T16:36:05.213Z,XBTUSD,Buy,12400,29886.5,ZeroPlusTick,86b0f7e9-5cd9-92f6-3b45-dcc523005372,41490276,0.41490276,12400.0,Regular
2023-07-22T16:36:05.640Z,XBTUSD,Buy,500,29888.5,PlusTick,0dbfca9a-8677-f86e-5932-095ba4324aa5,1672885,0.01672885,500.0,Regular
2023-07-22T16:36:05.650Z,XBTUSD,Buy,7500,29888.5,ZeroPlusTick,fc59a578-2b0a-4080-2708-4edefb385656,25093275,0.25093275,7500.0,Regular
2023-07-22T16:37:32.870Z,XBTUSD,Buy,10000,29891.0,PlusTick,f546f70a-313d-41e5-cd98-d89ddedeeabe,33454900,0.334549,10000.0,Regular
2023-07-22T16:37:32.870Z,XBTUSD,Buy,10000,29891.0,ZeroPlusTick,57830447-6612-56cc-f3c7-5557fdf22115,33454900,0.334549,10000.0,Regular
2023-07-22T16:37:32.870Z,XBTUSD,Buy,7700,29891.0,ZeroPlusTick,fa53cd6b-dddc-0093-208a-cf87a926d376,25760273,0.25760273,7700.0,Regular
2023-07-22T16:37:32.873Z,XBTUSD,Buy,2300,29891.0,ZeroPlusTick,c82af377-4542-a23d-509f-1cab33bb4011,7694627,0.07694627,2300.0,Regular
2023-07-22T16:37:32.873Z,XBTUSD,Buy,10000,29891.0,ZeroPlusTick,b19dc673-bae0-f1e5-6f41-2721690ab50a,33454900,0.334549,10000.0,Regular
2023-07-22T16:37:32.873Z,XBTUSD,Buy,10000,29891.0,ZeroPlusTick,c908f146-acb7-e3ae-2970-1f9342755e2a,33454900,0.334549,10000.0,Regular
2023-07-22T16:37:32.873Z,XBTUSD,Buy,5600,29891.0,ZeroPlusTick,6ecf8c93-9406-525c-39bf-dd509e59b9ae,18734744,0.18734744,5600.0,Regular
2023-07-22T16:37:32.913Z,XBTUSD,Buy,4400,29891.0,ZeroPlusTick,a9c2ae2f-471c-da97-a775-4f03f4751021,14720156,0.14720156,4400.0,Regular
2023-07-22T16:39:50.755Z,XBTUSD,Buy,10000,29892.0,PlusTick,508f7932-e1d7-09d5-ac23-298d0b69fd6d,33453800,0.334538,10000.0,Regular
2023-07-22T16:39:50.755Z,XBTUSD,Buy,10000,29892.0,ZeroPlusTick,3cdf66bc-9947-e1e3-2073-8f71aacd3384,33453800,0.334538,10000.0,Regular
2023-07-22T16:39:50.755Z,XBTUSD,Buy,100,29892.0,ZeroPlusTick,bee0fa28-dc67-1db9-7ada-0254a6be3efd,334538,0.00334538,100.0,Regular
2023-07-22T16:39:50.755Z,XBTUSD,Buy,100,29892.0,ZeroPlusTick,e133d1ed-adf0-93a9-4f92-72c3ca946aa9,334538,0.00334538,100.0,Regular
2023-07-22T16:39:50.755Z,XBTUSD,Buy,100,29892.0,ZeroPlusTick,4fe3ba8a-8dcb-dbe5-7e68-14c54853dd96,334538,0.00334538,100.0,Regular
2023-07-22T16:39:50.755Z,XBTUSD,Buy,1100,29892.0,ZeroPlusTick,33d3d19f-cf08-d371-b294-b2b90b26378a,3679918,0.03679918,1100.0,Regular
2023-07-22T16:40:27.055Z,XBTUSD,Buy,3200,29893.0,PlusTick,c5477cf0-9058-3a79-b620-72e033152473,10704832,0.10704832,3200.0,Regular
2023-07-22T16:40:27.055Z,XBTUSD,Buy,1900,29893.0,ZeroPlusTick,ec9a60f8-92f7-5320-2c74-277ebf993bc0,6355994,0.06355994,1900.0,Regular
2023-07-22T16:44:10.634Z,XBTUSD,Buy,500,29893.0,ZeroPlusTick,57e5e54e-a2ad-bb32-9dcd-342bc05ef214,1672630,0.0167263,500.0,Regular
2023-07-22T16:44:10.638Z,XBTUSD,Buy,600,29893.0,ZeroPlusTick,3ceba623-b8f9-0d2a-1b9a-71a306cf11b1,2007156,0.02007156,600.0,Regular
2023-07-22T16:44:10.641Z,XBTUSD,Buy,400,29893.0,ZeroPlusTick,8b4f7c0b-7f16-077e-89d7-59a7fdd698fa,1338104,0.01338104,400.0,Regular
2023-07-22T16:44:10.641Z,XBTUSD,Buy,2200,29893.0,ZeroPlusTick,4298bea6-acdb-4ad1-91d7-69d5a53f200e,7359572,0.07359572,2200.0,Regular
2023-07-22T16:44:10.641Z,XBTUSD,Buy,1300,29893.0,ZeroPlusTick,c53c8343-0bed-b368-2026-80c71beb8f0e,4348838,0.04348838,1300.0,Regular
2023-07-22T16:44:10.641Z,XBTUSD,Buy,2500,29893.0,ZeroPlusTick,e8e431d9-1239-4fad-7f00-ebff5df12689,8363150,0.0836315,2500.0,Regular
2023-07-22T16:44:10.644Z,XBTUSD,Buy,200,29893.0,ZeroPlusTick,ad6d8fd9-85b4-0aec-afe5-d3ea44d2b185,669052,0.00669052,200.0,Regular
2023-07-22T16:44:10.651Z,XBTUSD,Buy,400,29893.0,ZeroPlusTick,f6c45c4a-9414-c05d-591c-b29d7737e402,1338104,0.01338104,400.0,Regular
2023-07-22T16:44:13.899Z,XBTUSD,Buy,29900,29894.0,PlusTick,85112a12-7f19-7b7d-80b6-b2b1000fca48,100019985,1.00019985,29900.0,Regular
2023-07-22T16:44:13.899Z,XBTUSD,Buy,400,29894.0,ZeroPlusTick,20e217df-1e6e-7e99-7bdb-8652ae568c8f,1338060,0.0133806,400.0,Regular
2023-07-22T16:44:13.909Z,XBTUSD,Buy,8500,29894.0,ZeroPlusTick,4804538c-7443-f95e-6dcd-49539612846e,28433775,0.28433775,8500.0,Regular
2023-07-22T16:44:13.920Z,XBTUSD,Buy,1600,29894.0,ZeroPlusTick,a5729543-4f0e-d697-2d32-e5ccfeff932f,5352240,0.0535224,1600.0,Regular
2023-07-22T16:44:13.937Z,XBTUSD,Buy,10000,29894.5,PlusTick,9a257141-defd-c489-b313-4ee6aa5fb4a3,33451000,0.33451,10000.0,Regular
2023-07-22T16:44:21.522Z,XBTUSD,Buy,100,29897.0,PlusTick,25e3840f-882c-e3ca-e358-dbef2be54503,334482,0.00334482,100.0,Regular
2023-07-22T16:44:21.989Z,XBTUSD,Buy,100,29897.5,PlusTick,5f88081e-facb-7b1c-943f-64ef468e1480,334476,0.00334476,100.0,Regular
2023-07-22T16:44:22.522Z,XBTUSD,Buy,100,29897.5,ZeroPlusTick,97366acd-0594-7be2-8eae-528807896489,334476,0.00334476,100.0,Regular
2023-07-22T16:44:23.027Z,XBTUSD,Buy,100,29897.5,ZeroPlusTick,d15e265a-7405-415b-4b86-8330ef7a35c9,334476,0.00334476,100.0,Regular
2023-07-22T16:45:12.149Z,XBTUSD,Buy,200,29897.5,ZeroPlusTick,3e847370-7e60-785d-b2bf-a71520ae3906,668952,0.00668952,200.0,Regular
2023-07-22T16:45:12.154Z,XBTUSD,Buy,6300,29897.5,ZeroPlusTick,0bd2c520-90a8-e5bc-b046-695c4c659f61,21071988,0.21071988,6300.0,Regular
2023-07-22T16:45:12.154Z,XBTUSD,Buy,400,29897.5,ZeroPlusTick,2a8358ae-f294-2939-a6db-2ae4c8307855,1337904,0.01337904,400.0,Regular
2023-07-22T16:45:21.192Z,XBTUSD,Buy,100,29898.0,PlusTick,1608bc38-6d99-9061-48c2-1124a3900292,334471,0.00334471,100.0,Regular
2023-07-22T16:45:21.192Z,XBTUSD,Buy,7600,29898.0,ZeroPlusTick,4cfa2a17-7927-9772-8fb0-00fd8751a305,25419796,0.25419796,7600.0,Regular
2023-07-22T16:45:29.071Z,XBTUSD,Buy,2400,29898.0,ZeroPlusTick,4b661ab3-b99d-8e48-e8fb-4607d153a484,8027304,0.08027304,2400.0,Regular
2023-07-22T16:45:29.071Z,XBTUSD,Buy,10000,29898.0,ZeroPlusTick,809c5eab-05ff-6074-8b3a-0b1c7b9329f2,33447100,0.334471,10000.0,Regular
2023-07-22T16:45:29.071Z,XBTUSD,Buy,10000,29898.0,ZeroPlusTick,84c8a272-c1e9-0cad-6209-96fad4fa2389,33447100,0.334471,10000.0,Regular
2023-07-22T16:45:29.071Z,XBTUSD,Buy,100,29898.0,ZeroPlusTick,d35cb67c-d4f8-02d4-bed3-2b5bb7633b0c,334471,0.00334471,100.0,Regular
2023-07-22T16:45:29.691Z,XBTUSD,Buy,100,29898.5,PlusTick,8e8f9881-0ce4-90f9-2db3-2aa5b28a01eb,334465,0.00334465,100.0,Regular
2023-07-22T16:45:29.691Z,XBTUSD,Buy,100,29898.5,ZeroPlusTick,d6349450-f82c-45d1-03ec-c1d2499f3577,334465,0.00334465,100.0,Regular
2023-07-22T16:45:29.691Z,XBTUSD,Buy,100,29898.5,ZeroPlusTick,a2fda02b-5fba-df27-597d-13e300b548e9,334465,0.00334465,100.0,Regular
2023-07-22T16:45:29.691Z,XBTUSD,Buy,100,29898.5,ZeroPlusTick,6db29fae-c6c1-cf92-e1e2-680988a179ae,334465,0.00334465,100.0,Regular
2023-07-22T16:45:29.694Z,XBTUSD,Buy,100,29899.0,PlusTick,0cc58f69-0ddc-b9d3-2e88-6c22d05ebb55,334459,0.00334459,100.0,Regular
2023-07-22T16:45:29.694Z,XBTUSD,Buy,100,29899.0,ZeroPlusTick,67a61e6d-3a44-aad1-d45b-47dcfdbc64bf,334459,0.00334459,100.0,Regular
2023-07-22T16:45:29.724Z,XBTUSD,Buy,100,29900.0,PlusTick,42c73630-127e-1a61-5a88-dc8ec05a028f,334448,0.00334448,100.0,Regular
2023-07-22T16:45:32.350Z,XBTUSD,Sell,1000,29900.0,ZeroPlusTick,030abdf2-c027-d613-c0ee-b40bea260518,3344480,0.0334448,1000.0,Regular
2023-07-22T16:47:16.792Z,XBTUSD,Buy,100,29900.5,PlusTick,f95858e6-8f0e-6670-20bf-c6fbff7d9de3,334443,0.00334443,100.0,Regular
2023-07-22T16:47:16.792Z,XBTUSD,Buy,10000,29900.5,ZeroPlusTick,2e4e6b39-fb24-493d-e945-5553f8986f20,33444300,0.334443,10000.0,Regular
2023-07-22T16:47:16.792Z,XBTUSD,Buy,10000,29900.5,ZeroPlusTick,b3b089ec-f353-7c26-78de-4a0e8e6c1092,33444300,0.334443,10000.0,Regular
2023-07-22T16:47:16.792Z,XBTUSD,Buy,10000,29900.5,ZeroPlusTick,7afd9ff0-f0af-9b73-9ee0-4f22b2959ec3,33444300,0.334443,10000.0,Regular
2023-07-22T16:47:18.079Z,XBTUSD,Buy,100,29901.5,PlusTick,c3a5a544-753e-3b64-17b0-ec725762561b,334431,0.00334431,100.0,Regular
2023-07-22T16:47:18.079Z,XBTUSD,Buy,100,29901.5,ZeroPlusTick,8db51ad7-1265-15e9-7db3-f3e2d2602649,334431,0.00334431,100.0,Regular
2023-07-22T16:47:18.079Z,XBTUSD,Buy,100,29901.5,ZeroPlusTick,ecde9ce0-574c-3f09-6ae2-8bb917d23a4f,334431,0.00334431,100.0,Regular
2023-07-22T16:47:18.079Z,XBTUSD,Buy,100,29901.5,ZeroPlusTick,5f2f7487-6401-45fb-43d4-b52b51a7fb4a,334431,0.00334431,100.0,Regular
2023-07-22T16:47:18.079Z,XBTUSD,Buy,100,29901.5,ZeroPlusTick,9ca99b09-b4d6-df4a-d57e-e22a881beee0,334431,0.00334431,100.0,Regular
2023-07-22T16:47:18.079Z,XBTUSD,Buy,100,29901.5,ZeroPlusTick,56edce39-6fb6-6014-df9d-fc7bcb81daa5,334431,0.00334431,100.0,Regular
2023-07-22T16:47:18.079Z,XBTUSD,Buy,100,29901.5,ZeroPlusTick,cc3c5aec-66eb-78ee-9284-8bd4479a88e3,334431,0.00334431,100.0,Regular
2023-07-22T16:47:18.079Z,XBTUSD,Buy,100,29901.5,ZeroPlusTick,99c4ad4a-2f70-4f71-af1e-8713808f4a32,334431,0.00334431,100.0,Regular
2023-07-22T16:47:18.079Z,XBTUSD,Buy,100,29901.5,ZeroPlusTick,6de05e4b-7917-ece5-74a9-4f38b2b21a0a,334431,0.00334431,100.0,Regular
2023-07-22T16:47:18.079Z,XBTUSD,Buy,100,29903.5,PlusTick,2ab26ee4-345a-d096-2f99-2b5c76d1b652,334409,0.00334409,100.0,Regular
2023-07-22T16:47:18.079Z,XBTUSD,Buy,19000,29904.5,PlusTick,f2e2a480-2751-ec31-8544-5d82dadd4ee4,63535620,0.6353562,19000.0,Regular
2023-07-22T16:47:27.792Z,XBTUSD,Sell,1200,29904.0,MinusTick,aaaf6ffe-b389-d32b-2f2a-1239822e1ba1,4012836,0.04012836,1200.0,Regular
2023-07-22T16:47:29.064Z,XBTUSD,Sell,173800,29904.0,ZeroMinusTick,ea0cfa4e-a621-f729-6ceb-dc52fd22e8d3,581192414,5.81192414,173800.0,Regular
2023-07-22T16:47:29.064Z,XBTUSD,Sell,100,29904.0,ZeroMinusTick,b95de598-6ce9-76fd-7d93-a5ab2c85a7c5,334403,0.00334403,100.0,Regular
2023-07-22T16:47:29.064Z,XBTUSD,Sell,400,29904.0,ZeroMinusTick,42ce5262-33a5-21e3-96ca-ffef3f80b65f,1337612,0.01337612,400.0,Regular
2023-07-22T16:47:29.064Z,XBTUSD,Sell,700,29904.0,ZeroMinusTick,54850829-79c5-468a-6ef0-db2d9c6cd34c,2340821,0.02340821,700.0,Regular
2023-07-22T16:47:29.064Z,XBTUSD,Sell,100,29904.0,ZeroMinusTick,c9da694c-a472-6792-57e7-5927ac341786,334403,0.00334403,100.0,Regular
2023-07-22T16:47:29.064Z,XBTUSD,Sell,100,29904.0,ZeroMinusTick,4abda105-9771-ad2a-2dfd-22d4428b043a,334403,0.00334403,100.0,Regular
2023-07-22T16:47:29.064Z,XBTUSD,Sell,100,29904.0,ZeroMinusTick,29d64e83-0f49-b8db-8229-89e8b19822ec,334403,0.00334403,100.0,Regular
2023-07-22T16:47:29.064Z,XBTUSD,Sell,41000,29904.0,ZeroMinusTick,b6281e7d-d0a6-82b6-2e0c-e64131904ace,137105230,1.3710523,41000.0,Regular
2023-07-22T16:47:29.073Z,XBTUSD,Sell,46400,29904.0,ZeroMinusTick,72c9dc9b-2a2b-33e7-7430-d6db1be8310d,155162992,1.55162992,46400.0,Regular
2023-07-22T16:47:29.073Z,XBTUSD,Sell,100,29904.0,ZeroMinusTick,bef71c75-1f9f-edcf-bb77-44da24b82e3b,334403,0.00334403,100.0,Regular
