timestamp,symbol,side,size,price,tickDirection,trdMatchID,grossValue,homeNotional,foreignNotional,trdType
2023-07-24T04:00:02.996Z,XBTUSD,Sell,1200,29692.5,ZeroMinusTick,df2f9995-e822-3397-a665-4e087631499d,4041420,0.0404142,1200.0,Regular
2023-07-24T04:00:03.787Z,XBTUSD,Sell,100,29690.0,MinusTick,b0545b78-79a5-e3b2-12e3-ff52120f80df,336814,0.00336814,100.0,Regular
2023-07-24T04:00:03.787Z,XBTUSD,Sell,22500,29690.0,ZeroMinusTick,fedf51da-8377-4c99-7568-531b63c3853b,75783150,0.7578315,22500.0,Regular
2023-07-24T04:00:05.208Z,XBTUSD,Sell,6000,29686.0,MinusTick,0635fb7e-1268-b5ca-3080-de3b954b67e0,20211540,0.2021154,6000.0,Regular
2023-07-24T04:00:07.362Z,XBTUSD,Sell,400,29686.0,ZeroMinusTick,af5d7d58-b324-fdb8-ab83-af6184f121e9,1347436,0.01347436,400.0,Regular
2023-07-24T04:00:13.209Z,XBTUSD,Sell,200,29686.0,ZeroMinusTick,5368822a-6b54-75e6-17c0-f76d5f684f8c,673718,0.00673718,200.0,Regular
2023-07-24T04:00:14.870Z,XBTUSD,Sell,200,29686.0,ZeroMinusTick,aea44a2b-2111-878b-8b8d-ca4224428f53,673718,0.00673718,200.0,Regular
2023-07-24T04:00:18.964Z,XBTUSD,Sell,300,29686.0,ZeroMinusTick,4099d47b-6f7b-be79-c716-c81417aab54a,1010577,0.01010577,300.0,Regular
2023-07-24T04:00:25.473Z,XBTUSD,Buy,300,29682.5,MinusTick,4ef7b1d8-32b3-90a8-8cef-4c9df75442a3,1010697,0.01010697,300.0,Regular
2023-07-24T04:00:29.000Z,XBTUSD,Buy,500,29682.5,ZeroMinusTick,8683cca1-c9d6-029a-ef38-17a6ae5f4f66,1684495,0.01684495,500.0,Regular
2023-07-24T04:00:34.315Z,XBTUSD,Buy,500,29682.5,ZeroMinusTick,707ba441-614c-f165-3786-e0842a1061b9,1684495,0.01684495,500.0,Regular
2023-07-24T04:00:42.383Z,XBTUSD,Sell,100,29682.0,MinusTick,4f27d639-92f0-397c-6b24-012483e57c9a,336905,0.00336905,100.0,Regular
2023-07-24T04:00:42.383Z,XBTUSD,Sell,3800,29682.0,ZeroMinusTick,f0942b31-096a-c8b1-b8c1-c4869ff6adea,12802390,0.1280239,3800.0,Regular
2023-07-24T04:00:42.383Z,XBTUSD,Sell,39000,29682.0,ZeroMinusTick,e4c0fadc-fce2-ebc6-ba0b-0a4378c4508f,131392950,1.3139295,39000.0,Regular
2023-07-24T04:00:42.383Z,XBTUSD,Sell,31000,29682.0,ZeroMinusTick,b838a1ed-763f-e057-7428-ec90ae6d5e62,104440550,1.0444055,31000.0,Regular
2023-07-24T04:00:46.171Z,XBTUSD,Sell,100,29681.5,MinusTick,783413ab-dc69-2800-294b-e9f0e3cfa7df,336910,0.0033691,100.0,Regular
2023-07-24T04:00:46.320Z,XBTUSD,Sell,3000,29680.0,MinusTick,6327af72-a379-b8b8-c19f-2984b8d304ad,10107810,0.1010781,3000.0,Regular
2023-07-24T04:00:46.320Z,XBTUSD,Sell,100,29680.0,ZeroMinusTick,60a53181-2628-b2ee-4c1d-e24fc7fa586a,336927,0.00336927,100.0,Regular
2023-07-24T04:00:46.326Z,XBTUSD,Sell,5100,29679.5,MinusTick,78e76023-bc4a-3fd1-5302-cb5677804c3f,17183583,0.17183583,5100.0,Regular
2023-07-24T04:00:46.330Z,XBTUSD,Sell,900,29679.5,ZeroMinusTick,a1740a54-3e9d-9879-6837-c08eb0eb57d1,3032397,0.03032397,900.0,Regular
2023-07-24T04:00:48.594Z,XBTUSD,Sell,100,29677.0,MinusTick,1700f6f6-395d-7e33-d6b7-fe897a103a96,336961,0.00336961,100.0,Regular
2023-07-24T04:00:48.594Z,XBTUSD,Sell,400,29677.0,ZeroMinusTick,9eb4a18b-e6a9-c729-7b2d-63611a072cb9,1347844,0.01347844,400.0,Regular
2023-07-24T04:00:51.892Z,XBTUSD,Sell,600,29677.0,ZeroMinusTick,149fdb27-7d64-e494-c1c0-ff67e91d946b,2021766,0.02021766,600.0,Regular
2023-07-24T04:00:54.296Z,XBTUSD,Sell,1400,29677.0,ZeroMinusTick,fce13ad8-84a7-3d7e-51af-fe90521d649f,4717454,0.04717454,1400.0,Regular
2023-07-24T04:00:55.934Z,XBTUSD,Sell,400,29677.0,ZeroMinusTick,26363046-ee7a-f9d8-3f8d-b835737fdd02,1347844,0.01347844,400.0,Regular
2023-07-24T04:00:58.235Z,XBTUSD,Sell,1000,29675.5,MinusTick,f6437991-a3c3-8f46-9ac7-b7b2dbb1dc64,3369780,0.0336978,1000.0,Regular
2023-07-24T04:01:00.448Z,XBTUSD,Buy,25600,29676.0,PlusTick,90f8f71b-de39-78d0-a50d-fe107571c74d,86265088,0.86265088,25600.0,Regular
2023-07-24T04:01:02.444Z,XBTUSD,Buy,48000,29676.0,ZeroPlusTick,93d6d8e7-8483-9fe1-2f6c-ff7ccfccdd33,161747040,1.6174704,48000.0,Regular
2023-07-24T04:01:06.840Z,XBTUSD,Buy,500,29676.0,ZeroPlusTick,a12ab012-2c69-a930-75f1-dc0f728faf5c,1684865,0.01684865,500.0,Regular
2023-07-24T04:01:06.840Z,XBTUSD,Buy,400,29676.0,ZeroPlusTick,f141b97c-b6a8-296c-fc8e-2cb316c50f7a,1347892,0.01347892,400.0,Regular
2023-07-24T04:01:06.840Z,XBTUSD,Buy,14100,29676.0,ZeroPlusTick,25c239e5-b1ff-3b59-a282-814ada643f51,47513193,0.47513193,14100.0,Regular
2023-07-24T04:01:07.497Z,XBTUSD,Sell,1200,29675.5,MinusTick,7f9c8247-91e5-e1d6-4b8e-9fda7d386d94,4043736,0.04043736,1200.0,Regular
2023-07-24T04:01:17.797Z,XBTUSD,Buy,6300,29676.0,PlusTick,34b4ce9d-5ca0-65ba-3e76-719c6b137e23,21229299,0.21229299,6300.0,Regular
2023-07-24T04:01:17.797Z,XBTUSD,Buy,15000,29676.0,ZeroPlusTick,ea73eec6-753a-a38b-6662-1266eeb3274c,50545950,0.5054595,15000.0,Regular
2023-07-24T04:01:17.797Z,XBTUSD,Buy,400,29676.0,ZeroPlusTick,66699365-4b05-4084-6346-8c7764120613,1347892,0.01347892,400.0,Regular
2023-07-24T04:01:17.797Z,XBTUSD,Buy,38900,29676.0,ZeroPlusTick,952ae670-9d11-11b9-c27a-a8b7766d4d3c,131082497,1.31082497,38900.0,Regular
2023-07-24T04:01:17.797Z,XBTUSD,Buy,100,29676.0,ZeroPlusTick,979a2f73-40b7-4bd0-75ee-bcdfe4b49bf9,336973,0.00336973,100.0,Regular
2023-07-24T04:01:17.797Z,XBTUSD,Buy,100,29676.0,ZeroPlusTick,be20c80e-0f61-d61c-ae77-1d3c08152908,336973,0.00336973,100.0,Regular
2023-07-24T04:01:17.797Z,XBTUSD,Buy,16100,29676.0,ZeroPlusTick,5fe3ba8a-760d-e48a-53b7-c585a2ff26fc,54252653,0.54252653,16100.0,Regular
2023-07-24T04:01:17.797Z,XBTUSD,Buy,900,29676.0,ZeroPlusTick,f9600b17-06aa-c031-82e0-c07452e3d0fe,3032757,0.03032757,900.0,Regular
2023-07-24T04:01:17.797Z,XBTUSD,Buy,200,29676.0,ZeroPlusTick,49b32bc5-3f3b-609e-eeee-9964a5ce18ac,673946,0.00673946,200.0,Regular
2023-07-24T04:01:17.797Z,XBTUSD,Buy,2200,29676.0,ZeroPlusTick,2ff3974e-7111-038d-1b9c-90b23a2f9b8c,7413406,0.07413406,2200.0,Regular
2023-07-24T04:01:17.797Z,XBTUSD,Buy,1000,29676.0,ZeroPlusTick,00c94d40-f8dc-e6fe-b414-9b10f1ec5d8f,3369730,0.0336973,1000.0,Regular
2023-07-24T04:01:17.797Z,XBTUSD,Buy,4800,29676.0,ZeroPlusTick,fff68326-c32a-9acc-c7f2-e3a0ee538520,16174704,0.16174704,4800.0,Regular
2023-07-24T04:01:17.797Z,XBTUSD,Buy,2400,29676.0,ZeroPlusTick,0e914f81-6d3f-bf8b-e7c7-480a9bb35d06,8087352,0.08087352,2400.0,Regular
2023-07-24T04:01:17.797Z,XBTUSD,Buy,1500,29676.0,ZeroPlusTick,57b9f2f1-84e6-d85f-2754-13588035dc05,5054595,0.05054595,1500.0,Regular
2023-07-24T04:01:17.797Z,XBTUSD,Buy,100,29676.0,ZeroPlusTick,1dcfeb58-c1b5-b1ab-32cb-c12d8b5d03b5,336973,0.00336973,100.0,Regular
2023-07-24T04:01:17.797Z,XBTUSD,Buy,3500,29676.0,ZeroPlusTick,3f750a08-61f7-3652-83f4-af1ce17e2762,11794055,0.11794055,3500.0,Regular
2023-07-24T04:01:17.797Z,XBTUSD,Buy,100,29676.0,ZeroPlusTick,786f2d42-59c8-d3ab-6d10-df4e1727642a,336973,0.00336973,100.0,Regular
2023-07-24T04:01:33.211Z,XBTUSD,Buy,400,29676.5,PlusTick,91e3f41a-8aeb-b2ac-a095-3604b1c2917b,1347868,0.01347868,400.0,Regular
2023-07-24T04:01:42.281Z,XBTUSD,Buy,2000,29676.5,ZeroPlusTick,2b1b357a-ba50-3f3d-961d-c7d30c592bef,6739340,0.0673934,2000.0,Regular
2023-07-24T04:02:08.166Z,XBTUSD,Sell,100,29676.0,MinusTick,2aad83ee-8eaf-2800-efdf-f416e7842baa,336973,0.00336973,100.0,Regular
2023-07-24T04:02:08.166Z,XBTUSD,Sell,100,29676.0,ZeroMinusTick,b1ef9508-d071-1bb5-d5b2-ea7cd23f2342,336973,0.00336973,100.0,Regular
2023-07-24T04:02:08.166Z,XBTUSD,Sell,100,29676.0,ZeroMinusTick,be8ed216-e7a0-71a1-6499-38d4717309e6,336973,0.00336973,100.0,Regular
2023-07-24T04:02:08.166Z,XBTUSD,Sell,100,29676.0,ZeroMinusTick,712367e1-0519-02e5-4c39-f88c9fb6e7d2,336973,0.00336973,100.0,Regular
2023-07-24T04:02:08.166Z,XBTUSD,Sell,100,29676.0,ZeroMinusTick,6c9b44c0-e84b-dc92-3053-b168d93371d3,336973,0.00336973,100.0,Regular
2023-07-24T04:02:08.166Z,XBTUSD,Sell,100,29676.0,ZeroMinusTick,a9a06784-0d79-85b5-308e-3d8e3fb06a0d,336973,0.00336973,100.0,Regular
2023-07-24T04:02:08.166Z,XBTUSD,Sell,100,29676.0,ZeroMinusTick,bd74b770-7859-a032-90e5-350392354c3d,336973,0.00336973,100.0,Regular
2023-07-24T04:02:08.166Z,XBTUSD,Sell,100,29676.0,ZeroMinusTick,ade8fbe5-c612-86a6-c841-b12ea8438914,336973,0.00336973,100.0,Regular
2023-07-24T04:02:08.166Z,XBTUSD,Sell,300,29675.0,MinusTick,91268896-e5c5-5d49-2780-0fbc8aec89bb,1010952,0.01010952,300.0,Regular
2023-07-24T04:02:08.185Z,XBTUSD,Sell,700,29675.0,ZeroMinusTick,8bec32dd-5223-9d68-98b6-2cb533a90f4a,2358888,0.02358888,700.0,Regular
2023-07-24T04:02:08.185Z,XBTUSD,Sell,100,29673.0,MinusTick,16045a36-5979-b114-ef42-422b0466bee9,337007,0.00337007,100.0,Regular
2023-07-24T04:02:08.185Z,XBTUSD,Sell,300,29672.0,MinusTick,a20b54d7-a50a-4e15-c274-76168c8b6ba2,1011054,0.01011054,300.0,Regular
2023-07-24T04:02:08.185Z,XBTUSD,Sell,1000,29671.5,MinusTick,d1038eda-a47d-dcdf-4c1c-850c42c2d570,3370240,0.0337024,1000.0,Regular
2023-07-24T04:02:08.185Z,XBTUSD,Sell,300,29671.5,ZeroMinusTick,65c86d1e-ea72-5b0a-2a1c-7d80b0681c09,1011072,0.01011072,300.0,Regular
2023-07-24T04:02:08.198Z,XBTUSD,Sell,100,29670.5,MinusTick,17649db9-19bc-08fa-4db9-fc75b92967b1,337035,0.00337035,100.0,Regular
2023-07-24T04:02:08.198Z,XBTUSD,Sell,300,29670.5,ZeroMinusTick,b5d2cdf5-0562-2785-6f39-a7179c679cee,1011105,0.01011105,300.0,Regular
2023-07-24T04:02:08.198Z,XBTUSD,Sell,2200,29670.5,ZeroMinusTick,861853ab-556a-a47b-4c7f-e956f4ac50fb,7414770,0.0741477,2200.0,Regular
2023-07-24T04:02:08.198Z,XBTUSD,Sell,3800,29670.0,MinusTick,36e7d644-6034-8a29-81dd-6fd0b28cf504,12807558,0.12807558,3800.0,Regular
2023-07-24T04:02:08.198Z,XBTUSD,Sell,300,29670.0,ZeroMinusTick,76e0114e-848f-c597-e62e-d63b4bb36340,1011123,0.01011123,300.0,Regular
2023-07-24T04:02:08.198Z,XBTUSD,Sell,8800,29670.0,ZeroMinusTick,51965c3a-8e50-0ed4-a929-a9faf050ef56,29659608,0.29659608,8800.0,Regular
2023-07-24T04:02:17.848Z,XBTUSD,Buy,3000,29669.0,MinusTick,248311ae-1e08-1cf8-65e1-ace5ca0f817f,10111560,0.1011156,3000.0,Regular
2023-07-24T04:02:17.848Z,XBTUSD,Buy,100,29669.0,ZeroMinusTick,0869785d-d606-251e-b9c3-e761b0c1c028,337052,0.00337052,100.0,Regular
2023-07-24T04:02:17.848Z,XBTUSD,Buy,100,29669.0,ZeroMinusTick,c1dcfaed-82f7-8652-4121-34bf4b6ee1da,337052,0.00337052,100.0,Regular
2023-07-24T04:02:17.848Z,XBTUSD,Buy,4600,29669.0,ZeroMinusTick,920224c2-ebd7-3c5c-24bc-20028dde2813,15504392,0.15504392,4600.0,Regular
2023-07-24T04:02:17.848Z,XBTUSD,Buy,7200,29669.0,ZeroMinusTick,bc4d9b5c-e0ef-6136-594b-0612b22323e3,24267744,0.24267744,7200.0,Regular
2023-07-24T04:02:17.848Z,XBTUSD,Buy,6000,29669.0,ZeroMinusTick,52e885e3-6d0f-ada1-dfdf-4d20ecf3c9ea,20223120,0.2022312,6000.0,Regular
2023-07-24T04:02:17.848Z,XBTUSD,Buy,2400,29669.0,ZeroMinusTick,3cffa96e-be6d-c2f7-7a85-fefc4430f02f,8089248,0.08089248,2400.0,Regular
2023-07-24T04:02:17.848Z,XBTUSD,Buy,6300,29669.0,ZeroMinusTick,e9d12738-115c-0a13-f7a4-c78e79305c8a,21234276,0.21234276,6300.0,Regular
2023-07-24T04:02:17.848Z,XBTUSD,Buy,100,29669.0,ZeroMinusTick,1f6946d0-0061-c21a-df6c-0f8f541a3f2c,337052,0.00337052,100.0,Regular
2023-07-24T04:02:17.848Z,XBTUSD,Buy,100,29669.0,ZeroMinusTick,27508ae6-6bbd-8f47-7389-b34bf699c9e4,337052,0.00337052,100.0,Regular
2023-07-24T04:02:17.848Z,XBTUSD,Buy,53800,29669.0,ZeroMinusTick,a0862411-49fc-d3c8-c9f1-36181aca6fbf,181333976,1.81333976,53800.0,Regular
2023-07-24T04:02:17.848Z,XBTUSD,Buy,800,29669.0,ZeroMinusTick,88862f02-0272-44c1-9351-1f8640cfbcdf,2696416,0.02696416,800.0,Regular
2023-07-24T04:02:17.848Z,XBTUSD,Buy,500,29669.0,ZeroMinusTick,675ac4cf-1ca3-99f5-94b9-f4400ca39f6e,1685260,0.0168526,500.0,Regular
2023-07-24T04:02:17.848Z,XBTUSD,Buy,500,29669.0,ZeroMinusTick,b86edbf3-4816-3973-e9c4-f0dbee446f76,1685260,0.0168526,500.0,Regular
2023-07-24T04:02:17.848Z,XBTUSD,Buy,500,29669.0,ZeroMinusTick,75d4987f-7e75-2718-ba65-f91f65c6c13a,1685260,0.0168526,500.0,Regular
2023-07-24T04:02:17.848Z,XBTUSD,Buy,500,29669.0,ZeroMinusTick,80b932bb-7d2e-a608-03e8-af55b45fa899,1685260,0.0168526,500.0,Regular
2023-07-24T04:02:18.156Z,XBTUSD,Buy,100,29672.0,PlusTick,e71ca938-a35c-6596-e08c-639f715f7164,337018,0.00337018,100.0,Regular
2023-07-24T04:02:18.181Z,XBTUSD,Buy,2200,29672.0,ZeroPlusTick,75977248-8f7e-8950-49d0-0f41922f954c,7414396,0.07414396,2200.0,Regular
2023-07-24T04:02:18.183Z,XBTUSD,Buy,3500,29672.0,ZeroPlusTick,07d66136-8d11-5619-d944-f3e2a2def5d3,11795630,0.1179563,3500.0,Regular
2023-07-24T04:02:18.435Z,XBTUSD,Buy,100,29674.5,PlusTick,757f53bf-2bf9-925a-71c2-cfb1bfedfe90,336990,0.0033699,100.0,Regular
2023-07-24T04:02:18.447Z,XBTUSD,Buy,5900,29675.0,PlusTick,91425ed8-27b5-beb2-7858-fba941a7c74c,19882056,0.19882056,5900.0,Regular
2023-07-24T04:02:35.246Z,XBTUSD,Sell,25700,29676.0,PlusTick,80d47b64-4f96-088c-0dcd-f62758cbe412,86602061,0.86602061,25700.0,Regular
2023-07-24T04:02:45.791Z,XBTUSD,Buy,200,29673.0,MinusTick,8dfcd738-cbaf-6e5d-cdb6-2e52585e92c9,674014,0.00674014,200.0,Regular
2023-07-24T04:02:45.791Z,XBTUSD,Buy,700,29673.0,ZeroMinusTick,b5bd3dfb-79e0-b9cd-ea6f-9afec7323681,2359049,0.02359049,700.0,Regular
2023-07-24T04:03:04.111Z,XBTUSD,Buy,800,29673.0,ZeroMinusTick,5b710707-0e75-c829-8287-ffa6c6042806,2696056,0.02696056,800.0,Regular
2023-07-24T04:03:04.111Z,XBTUSD,Buy,1600,29673.0,ZeroMinusTick,18c79c64-cfc8-7507-5e91-be17875823a1,5392112,0.05392112,1600.0,Regular
2023-07-24T04:03:04.111Z,XBTUSD,Buy,100,29673.0,ZeroMinusTick,1dbcbfd4-60cf-3c0d-aa41-9fa5153aae65,337007,0.00337007,100.0,Regular
2023-07-24T04:03:04.111Z,XBTUSD,Buy,600,29673.0,ZeroMinusTick,99f6cbf1-c3f5-9e95-aa62-33c6a094514f,2022042,0.02022042,600.0,Regular
2023-07-24T04:03:04.111Z,XBTUSD,Buy,1800,29673.0,ZeroMinusTick,194d0788-a216-9de7-cd73-209c4744c78b,6066126,0.06066126,1800.0,Regular
2023-07-24T04:03:04.111Z,XBTUSD,Buy,1100,29673.0,ZeroMinusTick,fedfb19c-2086-7223-85e7-260266dc9555,3707077,0.03707077,1100.0,Regular
2023-07-24T04:03:04.111Z,XBTUSD,Buy,13400,29673.0,ZeroMinusTick,760353eb-6995-5165-c367-f8a2f9e7df90,45158938,0.45158938,13400.0,Regular
2023-07-24T04:03:04.111Z,XBTUSD,Buy,200,29673.0,ZeroMinusTick,4fb06537-66f2-26da-4cd4-d5f853626b5a,674014,0.00674014,200.0,Regular
2023-07-24T04:03:04.111Z,XBTUSD,Buy,300,29673.0,ZeroMinusTick,3fa641d2-b148-aaff-f94a-54f3c797ac9d,1011021,0.01011021,300.0,Regular
2023-07-24T04:03:04.111Z,XBTUSD,Buy,7900,29673.0,ZeroMinusTick,c7eccff4-df91-d831-b8d0-b17b90b1b767,26623553,0.26623553,7900.0,Regular
2023-07-24T04:03:04.111Z,XBTUSD,Buy,55900,29673.0,ZeroMinusTick,5316d5bf-b5dc-deb8-b17c-441fee992d7b,188386913,1.88386913,55900.0,Regular
2023-07-24T04:03:04.127Z,XBTUSD,Buy,21100,29673.0,ZeroMinusTick,078278ae-92c2-5f7e-56dd-62a750e47b0e,71108477,0.71108477,21100.0,Regular
2023-07-24T04:03:04.149Z,XBTUSD,Buy,36700,29673.0,ZeroMinusTick,067e6585-d549-97e8-2d73-2ea15760127f,123681569,1.23681569,36700.0,Regular
2023-07-24T04:03:07.181Z,XBTUSD,Buy,100,29678.0,PlusTick,76466989-9060-4bc9-5aa0-460da5d24343,336950,0.0033695,100.0,Regular
2023-07-24T04:03:08.196Z,XBTUSD,Buy,800,29680.5,PlusTick,5a32ccf0-af8b-78df-848e-0db09dc76403,2695376,0.02695376,800.0,Regular
2023-07-24T04:03:23.521Z,XBTUSD,Sell,100,29683.5,PlusTick,52135ecc-61b4-013e-9ee9-b271ea66fce4,336887,0.00336887,100.0,Regular
2023-07-24T04:03:33.813Z,XBTUSD,Sell,1800,29683.5,ZeroPlusTick,4111b1de-6b62-3f5d-2d08-762c18f700d1,6063966,0.06063966,1800.0,Regular
2023-07-24T04:03:33.831Z,XBTUSD,Sell,100,29682.0,MinusTick,116ccf2c-5974-0721-7ecf-2695546b379f,336905,0.00336905,100.0,Regular
2023-07-24T04:03:39.017Z,XBTUSD,Sell,100,29679.0,MinusTick,62c8da27-9483-e973-49cd-0cb1f3404e9f,336939,0.00336939,100.0,Regular
2023-07-24T04:03:42.114Z,XBTUSD,Sell,500,29678.5,MinusTick,802fadd0-2df4-94fa-1ba9-6a7c807dd434,1684720,0.0168472,500.0,Regular
2023-07-24T04:04:09.862Z,XBTUSD,Buy,17400,29676.0,MinusTick,8dfb550d-4b39-4158-87ae-2ecaec83a6fe,58633302,0.58633302,17400.0,Regular
2023-07-24T04:04:09.862Z,XBTUSD,Buy,300,29676.0,ZeroMinusTick,aff12244-eb84-98a1-d10d-c7edd29bc6d1,1010919,0.01010919,300.0,Regular
2023-07-24T04:04:09.862Z,XBTUSD,Buy,1900,29676.0,ZeroMinusTick,6b2157f0-3cde-04fa-ede3-37531945989e,6402487,0.06402487,1900.0,Regular
2023-07-24T04:04:09.862Z,XBTUSD,Buy,300,29676.0,ZeroMinusTick,6aac49bb-1af0-673a-7a53-e54d12b4dfe3,1010919,0.01010919,300.0,Regular
2023-07-24T04:04:09.862Z,XBTUSD,Buy,100,29676.0,ZeroMinusTick,8d486712-856b-cafc-7d0b-3b5998e2cc57,336973,0.00336973,100.0,Regular
2023-07-24T04:04:09.862Z,XBTUSD,Buy,400,29676.0,ZeroMinusTick,a76202f5-6cbc-58cf-d884-4d1540c78c81,1347892,0.01347892,400.0,Regular
2023-07-24T04:04:09.862Z,XBTUSD,Buy,3300,29676.0,ZeroMinusTick,7ce870ee-79c5-0315-aa0b-bcd45d57f60c,11120109,0.11120109,3300.0,Regular
2023-07-24T04:04:09.862Z,XBTUSD,Buy,200,29676.0,ZeroMinusTick,44bee728-3e25-0fbe-a2cb-397bdaf89705,673946,0.00673946,200.0,Regular
2023-07-24T04:04:10.082Z,XBTUSD,Buy,100,29679.0,PlusTick,0a380635-594f-4747-3431-084a0bae7d05,336939,0.00336939,100.0,Regular
2023-07-24T04:04:28.886Z,XBTUSD,Buy,500,29685.5,PlusTick,a6fe421a-da1f-385d-11d6-c8ca0f949de0,1684325,0.01684325,500.0,Regular
2023-07-24T04:04:28.886Z,XBTUSD,Buy,100,29685.5,ZeroPlusTick,7b99c8e2-1ac1-bc02-479e-0a5f3915a59c,336865,0.00336865,100.0,Regular
2023-07-24T04:04:28.886Z,XBTUSD,Buy,100,29685.5,ZeroPlusTick,49634945-a402-4ed3-85c6-13b24968fd30,336865,0.00336865,100.0,Regular
2023-07-24T04:04:28.886Z,XBTUSD,Buy,800,29685.5,ZeroPlusTick,56c339cc-84ab-03ef-e6e6-6e2bfb3af236,2694920,0.0269492,800.0,Regular
2023-07-24T04:04:28.886Z,XBTUSD,Buy,100,29685.5,ZeroPlusTick,db4fc2c1-a3e6-90b7-deba-5cb7b858485c,336865,0.00336865,100.0,Regular
2023-07-24T04:04:28.886Z,XBTUSD,Buy,3900,29685.5,ZeroPlusTick,d33cf7c0-4ecc-5d49-143d-ffd35dc6f98c,13137735,0.13137735,3900.0,Regular
2023-07-24T04:04:28.886Z,XBTUSD,Buy,100,29685.5,ZeroPlusTick,d67bb759-5b6d-950b-7330-b9c2f9b369f4,336865,0.00336865,100.0,Regular
2023-07-24T04:04:28.886Z,XBTUSD,Buy,19700,29685.5,ZeroPlusTick,1e61e8bc-cebe-0785-0c0f-6fea283091e2,66362405,0.66362405,19700.0,Regular
2023-07-24T04:04:29.266Z,XBTUSD,Buy,100,29686.5,PlusTick,0d0d70f9-86ba-089e-75f1-fdddcaa5eab5,336853,0.00336853,100.0,Regular
2023-07-24T04:04:34.119Z,XBTUSD,Sell,17900,29689.0,PlusTick,f4143533-a364-b65b-b10a-891af4d8ed25,60291675,0.60291675,17900.0,Regular
2023-07-24T04:04:37.636Z,XBTUSD,Sell,100,29686.0,MinusTick,2ea4c0c6-a528-f3ae-a8fe-c8e1a98fb87d,336859,0.00336859,100.0,Regular
2023-07-24T04:04:38.479Z,XBTUSD,Sell,1900,29686.0,ZeroMinusTick,e5eb26ff-f08f-4009-cadb-2e5ba812164b,6400321,0.06400321,1900.0,Regular
2023-07-24T04:04:38.561Z,XBTUSD,Sell,5200,29685.0,MinusTick,476ce658-e977-2a3e-8d4c-6051ff9a7183,17517240,0.1751724,5200.0,Regular
2023-07-24T04:04:38.561Z,XBTUSD,Sell,100,29685.0,ZeroMinusTick,b63e40a7-7287-65e3-d990-c57203bf1363,336870,0.0033687,100.0,Regular
2023-07-24T04:04:38.751Z,XBTUSD,Sell,100,29684.0,MinusTick,49e13e72-be82-f92b-400d-9359e9c71986,336882,0.00336882,100.0,Regular
2023-07-24T04:04:48.534Z,XBTUSD,Buy,100,29684.5,PlusTick,a22357c3-349c-6c35-0912-7d17b7436810,336876,0.00336876,100.0,Regular
2023-07-24T04:04:54.078Z,XBTUSD,Sell,29800,29684.0,MinusTick,39616737-47ff-6419-e34a-45c90dbf9f6b,100390836,1.00390836,29800.0,Regular
2023-07-24T04:04:54.078Z,XBTUSD,Sell,1300,29684.0,ZeroMinusTick,a156c005-c94c-7698-9b0c-a4eb8767443c,4379466,0.04379466,1300.0,Regular
2023-07-24T04:05:06.168Z,XBTUSD,Sell,1300,29680.5,MinusTick,16488469-19c1-8fb3-9c41-2c51c95d5670,4379986,0.04379986,1300.0,Regular
2023-07-24T04:05:06.198Z,XBTUSD,Sell,200,29680.5,ZeroMinusTick,3b98ff1e-49eb-2d27-9fa6-f1724fccf2ca,673844,0.00673844,200.0,Regular
2023-07-24T04:05:06.208Z,XBTUSD,Sell,5200,29680.5,ZeroMinusTick,cdbd9f65-49a2-4c2f-f1e0-7f5fe25dc5b5,17519944,0.17519944,5200.0,Regular
2023-07-24T04:05:06.258Z,XBTUSD,Sell,100,29679.0,MinusTick,0bb45235-1d54-a10c-8368-1ddc0a92049f,336939,0.00336939,100.0,Regular
2023-07-24T04:05:06.258Z,XBTUSD,Sell,100,29679.0,ZeroMinusTick,d47bcef4-5cd2-31a2-c206-31a06762979f,336939,0.00336939,100.0,Regular
2023-07-24T04:05:09.318Z,XBTUSD,Sell,29800,29672.0,MinusTick,bc3980b9-0382-909f-cb82-b4da2585d64d,100431364,1.00431364,29800.0,Regular
2023-07-24T04:05:09.318Z,XBTUSD,Sell,300,29672.0,ZeroMinusTick,7cdd25c8-5143-1513-256c-84140dfce8b4,1011054,0.01011054,300.0,Regular
2023-07-24T04:05:14.212Z,XBTUSD,Sell,100,29671.0,MinusTick,93a3261f-c492-6460-2da2-96da5f24e53d,337029,0.00337029,100.0,Regular
2023-07-24T04:05:14.212Z,XBTUSD,Sell,300,29668.5,MinusTick,3b843bae-6d7e-1dc9-6174-2d2f0907e81a,1011174,0.01011174,300.0,Regular
2023-07-24T04:05:14.212Z,XBTUSD,Sell,100,29668.5,ZeroMinusTick,c7c8c5a3-1e2a-fa0a-8594-ec7c21d3fd02,337058,0.00337058,100.0,Regular
2023-07-24T04:05:14.214Z,XBTUSD,Sell,55900,29668.0,MinusTick,7fb1ce75-f041-749e-c06b-08801c3eaa5c,188418776,1.88418776,55900.0,Regular
2023-07-24T04:05:38.177Z,XBTUSD,Sell,4300,29667.5,MinusTick,a2ae5207-7ef2-6e72-566b-3fd37a516355,14493967,0.14493967,4300.0,Regular
2023-07-24T04:05:38.190Z,XBTUSD,Sell,700,29667.5,ZeroMinusTick,56110062-be1f-38ad-23e4-40c3a7e5f676,2359483,0.02359483,700.0,Regular
2023-07-24T04:05:38.190Z,XBTUSD,Sell,100,29667.5,ZeroMinusTick,d8ac0a99-9352-35a8-692f-11247e9ddcb9,337069,0.00337069,100.0,Regular
2023-07-24T04:05:43.846Z,XBTUSD,Buy,500,29665.0,MinusTick,07d21698-e0bc-6532-af7f-38d190f4656c,1685490,0.0168549,500.0,Regular
2023-07-24T04:05:44.876Z,XBTUSD,Sell,600,29664.5,MinusTick,7dc46df9-e8b5-2ede-777e-918d2641ce1d,2022618,0.02022618,600.0,Regular
2023-07-24T04:05:44.876Z,XBTUSD,Sell,29700,29664.5,ZeroMinusTick,9ce25a69-a48a-bae6-7d69-b77d244b3602,100119591,1.00119591,29700.0,Regular
2023-07-24T04:05:51.975Z,XBTUSD,Sell,16700,29662.0,MinusTick,576ac984-7d3d-97a0-4582-d61873a45dea,56301044,0.56301044,16700.0,Regular
2023-07-24T04:05:54.713Z,XBTUSD,Buy,800,29661.5,MinusTick,88697853-ea54-de06-1ca2-24e01268a332,2697096,0.02697096,800.0,Regular
2023-07-24T04:06:02.212Z,XBTUSD,Sell,100,29661.0,MinusTick,7be383c4-57c7-2cbf-aa53-e697e0d72d19,337143,0.00337143,100.0,Regular
2023-07-24T04:06:02.212Z,XBTUSD,Sell,100,29660.5,MinusTick,facc25f9-6aa5-600e-6ce5-eb712e677ff1,337149,0.00337149,100.0,Regular
2023-07-24T04:06:02.212Z,XBTUSD,Sell,9300,29660.5,ZeroMinusTick,631159bd-479d-bb41-f694-839012fccf1a,31354857,0.31354857,9300.0,Regular
2023-07-24T04:06:11.851Z,XBTUSD,Sell,100,29660.0,MinusTick,d04689d1-fd01-950d-83e0-50d87bfb79c0,337154,0.00337154,100.0,Regular
2023-07-24T04:06:11.851Z,XBTUSD,Sell,500,29660.0,ZeroMinusTick,1976a67b-e202-a983-10d3-1156ca553e27,1685770,0.0168577,500.0,Regular
2023-07-24T04:06:11.851Z,XBTUSD,Sell,100,29660.0,ZeroMinusTick,1845fb28-103f-1615-fa27-241d72eba93f,337154,0.00337154,100.0,Regular
2023-07-24T04:06:11.851Z,XBTUSD,Sell,5000,29660.0,ZeroMinusTick,9acac13c-caac-129f-c572-a78005eb3a0e,16857700,0.168577,5000.0,Regular
2023-07-24T04:06:11.851Z,XBTUSD,Sell,100,29660.0,ZeroMinusTick,15ef5dbe-1cb5-2b6c-6a82-05f9deee1130,337154,0.00337154,100.0,Regular
2023-07-24T04:06:13.634Z,XBTUSD,Sell,1000,29659.0,MinusTick,d28a2aa0-c8f7-568d-a044-9fb20e76f102,3371660,0.0337166,1000.0,Regular
2023-07-24T04:06:13.634Z,XBTUSD,Sell,2000,29658.0,MinusTick,39cb9c29-3c38-a5d2-9132-254dc28200eb,6743540,0.0674354,2000.0,Regular
2023-07-24T04:06:13.634Z,XBTUSD,Sell,55900,29658.0,ZeroMinusTick,83f6848e-d9fe-b438-843d-39d23f975d69,188481943,1.88481943,55900.0,Regular
2023-07-24T04:06:13.641Z,XBTUSD,Sell,1000,29659.0,PlusTick,ee825760-860f-9a01-d6a1-837e231ba294,3371660,0.0337166,1000.0,Regular
2023-07-24T04:06:13.678Z,XBTUSD,Sell,100,29659.0,ZeroPlusTick,fe574df7-c90a-2dc8-fb6c-f5f566b36822,337166,0.00337166,100.0,Regular
2023-07-24T04:06:13.685Z,XBTUSD,Sell,100,29659.0,ZeroPlusTick,e1b01823-6206-c566-35fb-990a5000baa2,337166,0.00337166,100.0,Regular
2023-07-24T04:06:19.210Z,XBTUSD,Sell,100,29657.5,MinusTick,647f228d-a564-df0e-8db4-14d9b4159751,337183,0.00337183,100.0,Regular
2023-07-24T04:06:19.210Z,XBTUSD,Sell,26700,29657.5,ZeroMinusTick,d73163e1-2663-a14f-906d-2db83bb86007,90027861,0.90027861,26700.0,Regular
2023-07-24T04:06:19.210Z,XBTUSD,Sell,300,29657.5,ZeroMinusTick,87d2456e-c9e6-760e-a24e-9a8c031e5253,1011549,0.01011549,300.0,Regular
2023-07-24T04:06:19.219Z,XBTUSD,Sell,100,29657.0,MinusTick,538868d9-e76d-8533-a1a7-316c7f86290d,337189,0.00337189,100.0,Regular
2023-07-24T04:06:23.555Z,XBTUSD,Sell,8200,29652.5,MinusTick,18839f84-a194-9134-519c-496a222898c5,27653680,0.2765368,8200.0,Regular
2023-07-24T04:06:38.039Z,XBTUSD,Sell,29800,29650.5,MinusTick,536d6c31-0e13-fc14-67e6-3d776b2fdb43,100504076,1.00504076,29800.0,Regular
2023-07-24T04:06:38.039Z,XBTUSD,Sell,3300,29650.5,ZeroMinusTick,b8521648-8636-4d17-98c4-3f07790efc75,11129646,0.11129646,3300.0,Regular
2023-07-24T04:06:38.039Z,XBTUSD,Sell,20000,29650.0,MinusTick,cfd17228-a92e-50f9-7004-a058d10f43e6,67453600,0.674536,20000.0,Regular
2023-07-24T04:06:38.039Z,XBTUSD,Sell,100,29650.0,ZeroMinusTick,88187953-d8de-85ce-3cba-a3b3f4d75ad2,337268,0.00337268,100.0,Regular
2023-07-24T04:06:38.039Z,XBTUSD,Sell,100,29650.0,ZeroMinusTick,66673f4c-306f-802c-66fb-836b6992d5e1,337268,0.00337268,100.0,Regular
2023-07-24T04:06:38.039Z,XBTUSD,Sell,4600,29650.0,ZeroMinusTick,dcbb02ad-f604-3695-7904-bef42d7d1996,15514328,0.15514328,4600.0,Regular
2023-07-24T04:06:38.043Z,XBTUSD,Sell,400,29650.0,ZeroMinusTick,c42e67f2-a569-2f9f-682e-0443840d7016,1349072,0.01349072,400.0,Regular
2023-07-24T04:06:38.043Z,XBTUSD,Sell,100,29650.0,ZeroMinusTick,ff5dbe59-661d-96bb-b12d-258363b5fe03,337268,0.00337268,100.0,Regular
2023-07-24T04:06:38.043Z,XBTUSD,Sell,100,29650.0,ZeroMinusTick,7ccd29cd-9150-1138-c00b-b4022142757b,337268,0.00337268,100.0,Regular
2023-07-24T04:06:38.043Z,XBTUSD,Sell,300,29650.0,ZeroMinusTick,8ab38374-49e9-5fbf-1f0e-b02fc32324fb,1011804,0.01011804,300.0,Regular
2023-07-24T04:06:38.043Z,XBTUSD,Sell,100,29650.0,ZeroMinusTick,d182aa5c-2211-652f-8eca-b374142527a8,337268,0.00337268,100.0,Regular
2023-07-24T04:06:38.043Z,XBTUSD,Sell,9000,29650.0,ZeroMinusTick,e245d329-cfac-6636-e1ad-6ec7c60bcdca,30354120,0.3035412,9000.0,Regular
2023-07-24T04:06:38.057Z,XBTUSD,Sell,100,29648.5,MinusTick,8dc87b1b-857b-7fff-a52e-974a7dd30f18,337285,0.00337285,100.0,Regular
2023-07-24T04:06:38.057Z,XBTUSD,Sell,36100,29648.0,MinusTick,df513b78-c6c9-c58d-5c48-9f392bfc3062,121762051,1.21762051,36100.0,Regular
2023-07-24T04:06:38.062Z,XBTUSD,Sell,35100,29648.0,ZeroMinusTick,7204b337-cd9a-dd12-486f-112c04a19dad,118389141,1.18389141,35100.0,Regular
2023-07-24T04:06:38.062Z,XBTUSD,Sell,3000,29648.0,ZeroMinusTick,d087409e-397d-2f4a-1ddd-8c3674294549,10118730,0.1011873,3000.0,Regular
2023-07-24T04:06:38.062Z,XBTUSD,Sell,100,29648.0,ZeroMinusTick,fbe812fc-d27b-b6ac-9d5d-d7c412519c0d,337291,0.00337291,100.0,Regular
2023-07-24T04:06:38.062Z,XBTUSD,Sell,8300,29648.0,ZeroMinusTick,565b06c4-2425-23ce-568c-eeaa1369e66f,27995153,0.27995153,8300.0,Regular
2023-07-24T04:06:38.062Z,XBTUSD,Sell,32400,29648.0,ZeroMinusTick,7b2ec2a5-4c45-b15b-847c-1a894814630f,109282284,1.09282284,32400.0,Regular
2023-07-24T04:06:38.065Z,XBTUSD,Sell,23500,29648.0,ZeroMinusTick,8a33c82f-dedf-df40-87b7-6b26ac817b16,79263385,0.79263385,23500.0,Regular
2023-07-24T04:06:38.145Z,XBTUSD,Sell,1200,29646.0,MinusTick,eb2c6cea-e15e-2628-a638-d35bef313170,4047768,0.04047768,1200.0,Regular
2023-07-24T04:06:38.145Z,XBTUSD,Sell,100,29645.5,MinusTick,3f04e5c7-679b-360c-5abb-e9d2ce527498,337319,0.00337319,100.0,Regular
2023-07-24T04:06:38.145Z,XBTUSD,Sell,37100,29645.5,ZeroMinusTick,d5678d3e-4ec7-d54d-e4b8-a6dffd55fd46,125145349,1.25145349,37100.0,Regular
2023-07-24T04:06:38.145Z,XBTUSD,Sell,8000,29644.5,MinusTick,d83feeeb-1e1b-a9cc-e9be-67864266b283,26986480,0.2698648,8000.0,Regular
2023-07-24T04:06:38.145Z,XBTUSD,Sell,700,29644.0,MinusTick,0f35d36f-c6ca-d5d7-7290-719551871955,2361352,0.02361352,700.0,Regular
2023-07-24T04:06:38.145Z,XBTUSD,Sell,1000,29644.0,ZeroMinusTick,fc968e4b-ea3b-3f0d-98de-7609f42fdf48,3373360,0.0337336,1000.0,Regular
2023-07-24T04:06:38.145Z,XBTUSD,Sell,2000,29644.0,ZeroMinusTick,63f1cd58-1b8e-30e5-bc0c-c732c889e844,6746720,0.0674672,2000.0,Regular
2023-07-24T04:06:38.145Z,XBTUSD,Sell,100,29644.0,ZeroMinusTick,ffc1cddf-877f-f341-78f9-ea3a86e82eef,337336,0.00337336,100.0,Regular
2023-07-24T04:06:38.145Z,XBTUSD,Sell,100,29644.0,ZeroMinusTick,6492191b-1d57-2db4-454f-be457dbb91e0,337336,0.00337336,100.0,Regular
2023-07-24T04:06:38.145Z,XBTUSD,Sell,100,29644.0,ZeroMinusTick,d5dad0d2-0ed4-fdf5-7a54-b0ab5efcf3f5,337336,0.00337336,100.0,Regular
2023-07-24T04:06:38.145Z,XBTUSD,Sell,300,29643.5,MinusTick,93a884f1-4025-e1d9-4d52-86754bd0de0e,1012026,0.01012026,300.0,Regular
2023-07-24T04:06:38.145Z,XBTUSD,Sell,100,29643.5,ZeroMinusTick,0ab05a3b-55f8-4d00-e908-109105c3bb7f,337342,0.00337342,100.0,Regular
2023-07-24T04:06:38.361Z,XBTUSD,Buy,19300,29642.5,MinusTick,e2e8fa75-609a-6e55-f6bd-ab2c46cb54b2,65109129,0.65109129,19300.0,Regular
2023-07-24T04:06:38.375Z,XBTUSD,Buy,6400,29642.5,ZeroMinusTick,b4317f5a-fbf3-ea17-16ee-07a2e2ad5c72,21590592,0.21590592,6400.0,Regular
2023-07-24T04:06:38.375Z,XBTUSD,Buy,51400,29642.5,ZeroMinusTick,04642203-0289-75a9-1878-c152213dc0e0,173399442,1.73399442,51400.0,Regular
2023-07-24T04:06:38.375Z,XBTUSD,Buy,3500,29643.0,PlusTick,4c416e5d-8a40-e6b0-0ff9-0a236900e462,11807180,0.1180718,3500.0,Regular
2023-07-24T04:06:38.388Z,XBTUSD,Buy,16700,29642.5,MinusTick,29e5486a-b710-7d89-2182-39f0e7b4efe4,56337951,0.56337951,16700.0,Regular
2023-07-24T04:06:38.425Z,XBTUSD,Buy,22300,29642.5,ZeroMinusTick,e968ee13-10b8-fe95-d001-6c708ea3e830,75229719,0.75229719,22300.0,Regular
2023-07-24T04:06:38.425Z,XBTUSD,Buy,3400,29643.0,PlusTick,dff093ce-9b6c-e185-9894-d0ed541dd5d5,11469832,0.11469832,3400.0,Regular
2023-07-24T04:06:38.458Z,XBTUSD,Buy,32100,29643.0,ZeroPlusTick,f6a27190-4243-a62d-623d-916a190d395f,108288708,1.08288708,32100.0,Regular
2023-07-24T04:06:38.458Z,XBTUSD,Buy,9500,29643.5,PlusTick,acfe7e5a-58a1-6533-72c1-7917f0cb9fcd,32047490,0.3204749,9500.0,Regular
2023-07-24T04:06:38.470Z,XBTUSD,Buy,4600,29643.5,ZeroPlusTick,fd175470-48ec-2cb7-168d-6920c55b65c2,15517732,0.15517732,4600.0,Regular
2023-07-24T04:06:38.470Z,XBTUSD,Buy,2600,29643.5,ZeroPlusTick,50b2b59d-34b2-e5ec-3919-e352c2a8bd34,8770892,0.08770892,2600.0,Regular
2023-07-24T04:06:38.581Z,XBTUSD,Buy,48400,29648.5,PlusTick,86b93f28-e9ba-b225-c451-b6ac9658e94b,163245940,1.6324594,48400.0,Regular
2023-07-24T04:06:38.591Z,XBTUSD,Buy,51400,29649.0,PlusTick,0c1bedf0-03dd-e244-5dea-9ae8c3e7052e,173361920,1.7336192,51400.0,Regular
2023-07-24T04:06:38.603Z,XBTUSD,Buy,300,29649.0,ZeroPlusTick,d7819047-2a86-5eb6-c98c-ecd4a919ab7b,1011840,0.0101184,300.0,Regular
2023-07-24T04:06:38.622Z,XBTUSD,Buy,22400,29650.0,PlusTick,011c30f4-8915-4b3f-8138-82af3af40640,75548032,0.75548032,22400.0,Regular
2023-07-24T04:06:38.634Z,XBTUSD,Buy,29000,29650.0,ZeroPlusTick,532994b8-72d6-3a79-f93a-e9c0b6bef373,97807720,0.9780772,29000.0,Regular
2023-07-24T04:06:38.634Z,XBTUSD,Buy,300,29650.0,ZeroPlusTick,126d7dab-0136-ade7-4544-b1b665424901,1011804,0.01011804,300.0,Regular
2023-07-24T04:06:38.634Z,XBTUSD,Buy,22200,29650.5,PlusTick,507000fe-3c0b-b92e-9909-29c9e6d82cac,74872164,0.74872164,22200.0,Regular
2023-07-24T04:06:38.647Z,XBTUSD,Buy,29200,29650.5,ZeroPlusTick,6f93d59d-3678-b6f7-5e7d-ae5264021a55,98480504,0.98480504,29200.0,Regular
2023-07-24T04:06:38.647Z,XBTUSD,Buy,300,29650.5,ZeroPlusTick,af394eb6-58e1-ffd5-578b-6d9c14936cf1,1011786,0.01011786,300.0,Regular
2023-07-24T04:06:38.647Z,XBTUSD,Buy,3600,29651.0,PlusTick,8594891d-f5ef-61b5-5a23-720508ea13c2,12141252,0.12141252,3600.0,Regular
2023-07-24T04:06:38.647Z,XBTUSD,Buy,1500,29651.0,ZeroPlusTick,355cdd4c-d78e-1f44-8386-138c2b02384a,5058855,0.05058855,1500.0,Regular
2023-07-24T04:06:38.647Z,XBTUSD,Buy,100,29651.0,ZeroPlusTick,6294fc3f-382b-3a28-41fa-e2432e06630e,337257,0.00337257,100.0,Regular
2023-07-24T04:06:38.647Z,XBTUSD,Buy,500,29651.0,ZeroPlusTick,1cc7e6bc-72e2-73e2-4f26-b9fbe2d09ece,1686285,0.01686285,500.0,Regular
2023-07-24T04:06:38.647Z,XBTUSD,Buy,400,29651.0,ZeroPlusTick,251dcd2c-ef72-a324-b14c-21d0e17c3302,1349028,0.01349028,400.0,Regular
2023-07-24T04:06:38.647Z,XBTUSD,Buy,6900,29651.0,ZeroPlusTick,60a1530c-4cd0-49bf-120c-e48bd6ea6b0c,23270733,0.23270733,6900.0,Regular
2023-07-24T04:06:38.647Z,XBTUSD,Buy,100,29651.0,ZeroPlusTick,30eacd96-7f8f-1631-02d2-17d709541f44,337257,0.00337257,100.0,Regular
2023-07-24T04:06:38.647Z,XBTUSD,Buy,500,29651.0,ZeroPlusTick,7ef20cda-7452-5955-dabe-818cc5560e61,1686285,0.01686285,500.0,Regular
2023-07-24T04:06:38.647Z,XBTUSD,Buy,100,29651.0,ZeroPlusTick,fb2f00fe-45b8-bf64-bd80-9f51ac1b0c23,337257,0.00337257,100.0,Regular
2023-07-24T04:06:38.647Z,XBTUSD,Buy,10500,29651.0,ZeroPlusTick,1cd1f74d-5908-14fe-3f2b-2ea2fbbf31f4,35411985,0.35411985,10500.0,Regular
2023-07-24T04:06:38.667Z,XBTUSD,Buy,31900,29651.0,ZeroPlusTick,f990a7e9-eb64-deee-41f3-db5c07e692cc,107584983,1.07584983,31900.0,Regular
2023-07-24T04:06:38.668Z,XBTUSD,Buy,10100,29651.0,ZeroPlusTick,5c5e6a85-2eb4-95dd-4afc-5ffd9c44f5d8,34062957,0.34062957,10100.0,Regular
2023-07-24T04:06:38.668Z,XBTUSD,Buy,4500,29651.0,ZeroPlusTick,0b5e6a5b-4878-dd98-5460-3636493361f2,15176565,0.15176565,4500.0,Regular
2023-07-24T04:06:38.668Z,XBTUSD,Buy,2700,29651.0,ZeroPlusTick,45175d18-a631-dfd6-44ee-359fe21af295,9105939,0.09105939,2700.0,Regular
2023-07-24T04:06:38.668Z,XBTUSD,Buy,5300,29651.0,ZeroPlusTick,117411fa-b2f2-8e75-80a3-4ea4a85a4e86,17874621,0.17874621,5300.0,Regular
2023-07-24T04:06:38.668Z,XBTUSD,Buy,6700,29651.0,ZeroPlusTick,6871ad52-66f9-b884-05f3-1b1e0f94f1d3,22596219,0.22596219,6700.0,Regular
2023-07-24T04:06:38.668Z,XBTUSD,Buy,8000,29651.0,ZeroPlusTick,6fa1d48e-5af5-824c-7674-e4d143ecac81,26980560,0.2698056,8000.0,Regular
2023-07-24T04:06:38.668Z,XBTUSD,Buy,300,29651.0,ZeroPlusTick,ec46f265-a4f2-6839-babe-2a45c4b89c1e,1011771,0.01011771,300.0,Regular
2023-07-24T04:06:38.725Z,XBTUSD,Buy,23600,29651.5,PlusTick,3a646161-0131-5fd9-d7b1-e5cea56a8b26,79591236,0.79591236,23600.0,Regular
2023-07-24T04:06:38.725Z,XBTUSD,Buy,300,29651.5,ZeroPlusTick,68a2b973-ca4d-9f9c-bbb7-7eeecda1070a,1011753,0.01011753,300.0,Regular
2023-07-24T04:06:39.215Z,XBTUSD,Buy,200,29649.5,MinusTick,61f34c92-ffd0-9b11-884c-1abbe7539867,674548,0.00674548,200.0,Regular
2023-07-24T04:06:40.345Z,XBTUSD,Buy,400,29650.5,PlusTick,d9d57853-e34a-cae4-acb3-efa551421600,1349048,0.01349048,400.0,Regular
2023-07-24T04:06:40.345Z,XBTUSD,Buy,200,29650.5,ZeroPlusTick,a910a1c6-077d-1508-c300-a99047b1e069,674524,0.00674524,200.0,Regular
2023-07-24T04:06:40.345Z,XBTUSD,Buy,100,29650.5,ZeroPlusTick,65d07abe-40ee-c3fb-3c2d-6d5e30ccba98,337262,0.00337262,100.0,Regular
2023-07-24T04:06:40.345Z,XBTUSD,Buy,1700,29650.5,ZeroPlusTick,6cfb8e79-d451-6511-4ecf-ff36d9326708,5733454,0.05733454,1700.0,Regular
2023-07-24T04:06:40.536Z,XBTUSD,Buy,900,29651.5,PlusTick,be6d4a10-1062-f9a6-2423-51952fee692c,3035259,0.03035259,900.0,Regular
2023-07-24T04:06:40.549Z,XBTUSD,Buy,100,29652.0,PlusTick,21144315-db55-73bd-f7bb-2970c45eaf7b,337245,0.00337245,100.0,Regular
2023-07-24T04:06:40.698Z,XBTUSD,Buy,2100,29653.5,PlusTick,d53c4e9d-4f7d-85aa-65d3-4919facf22cf,7081788,0.07081788,2100.0,Regular
2023-07-24T04:06:40.711Z,XBTUSD,Buy,2900,29653.5,ZeroPlusTick,9e6b7238-fc17-3761-4f84-66ef46f9acc7,9779612,0.09779612,2900.0,Regular
2023-07-24T04:06:40.827Z,XBTUSD,Buy,1200,29654.5,PlusTick,3f0f83d2-e702-2c43-6016-ccc3cc3e9034,4046604,0.04046604,1200.0,Regular
2023-07-24T04:06:40.836Z,XBTUSD,Buy,900,29654.5,ZeroPlusTick,d7762a7e-721a-bfee-4490-82a383b4ffb6,3034953,0.03034953,900.0,Regular
2023-07-24T04:06:40.842Z,XBTUSD,Buy,100,29654.5,ZeroPlusTick,2993e8c8-8f48-b373-1bef-c0955d2e04ad,337217,0.00337217,100.0,Regular
2023-07-24T04:06:40.848Z,XBTUSD,Buy,700,29654.5,ZeroPlusTick,58ce2555-58a8-1d15-2ce4-ed28fc831e25,2360519,0.02360519,700.0,Regular
2023-07-24T04:06:40.853Z,XBTUSD,Buy,2200,29654.5,ZeroPlusTick,ee9032ae-1794-6600-feb8-1aec0c6ce376,7418774,0.07418774,2200.0,Regular
2023-07-24T04:06:40.857Z,XBTUSD,Buy,1200,29654.5,ZeroPlusTick,f9feddd2-a6f5-550b-e76d-d0eca8c5b427,4046604,0.04046604,1200.0,Regular
2023-07-24T04:06:40.871Z,XBTUSD,Buy,400,29654.5,ZeroPlusTick,6962da56-0f90-027c-b739-d02dc13a4410,1348868,0.01348868,400.0,Regular
2023-07-24T04:06:40.881Z,XBTUSD,Buy,9200,29654.5,ZeroPlusTick,09207752-5990-913c-9c7a-fe9565205887,31023964,0.31023964,9200.0,Regular
2023-07-24T04:06:40.893Z,XBTUSD,Buy,2700,29654.5,ZeroPlusTick,70ad8bdd-7e0c-3663-038b-1f8e5e46aef2,9104859,0.09104859,2700.0,Regular
2023-07-24T04:06:40.898Z,XBTUSD,Buy,400,29654.5,ZeroPlusTick,487cff5f-e1bc-3df8-72ae-2b5780e3ab7c,1348868,0.01348868,400.0,Regular
2023-07-24T04:06:40.903Z,XBTUSD,Buy,300,29654.5,ZeroPlusTick,bed45e9e-44b1-fc03-ae37-b2bb102b411e,1011651,0.01011651,300.0,Regular
2023-07-24T04:06:40.912Z,XBTUSD,Buy,6900,29654.5,ZeroPlusTick,2751d96a-a123-a846-9a3e-2eb7e9b5b929,23267973,0.23267973,6900.0,Regular
2023-07-24T04:06:40.918Z,XBTUSD,Buy,2900,29654.5,ZeroPlusTick,ac288994-e4fe-1e2f-6b0a-188772c96c03,9779293,0.09779293,2900.0,Regular
2023-07-24T04:06:40.922Z,XBTUSD,Buy,12500,29654.5,ZeroPlusTick,c33ec9a1-9d23-7379-4d20-6edbd82fa024,42152125,0.42152125,12500.0,Regular
2023-07-24T04:06:40.927Z,XBTUSD,Buy,18800,29654.5,ZeroPlusTick,ca0df7ba-e4a7-74c7-09d3-0b78ec9606dd,63396796,0.63396796,18800.0,Regular
2023-07-24T04:06:40.934Z,XBTUSD,Buy,800,29654.5,ZeroPlusTick,0c09a55e-8543-e1b6-0c7a-acc74b7eb50c,2697736,0.02697736,800.0,Regular
2023-07-24T04:06:40.938Z,XBTUSD,Buy,4800,29654.5,ZeroPlusTick,761e5330-9ad5-c1ae-7de4-6b58bacf77d6,16186416,0.16186416,4800.0,Regular
2023-07-24T04:06:41.516Z,XBTUSD,Buy,800,29659.0,PlusTick,1364a92b-51bb-9837-ccca-f965325b7d02,2697328,0.02697328,800.0,Regular
2023-07-24T04:06:41.539Z,XBTUSD,Buy,800,29659.5,PlusTick,39e7173d-b4e6-b716-c18f-8563adf15dae,2697280,0.0269728,800.0,Regular
2023-07-24T04:06:41.660Z,XBTUSD,Buy,100,29660.5,PlusTick,cf1c783d-29be-4ee0-b9aa-aa020a244236,337149,0.00337149,100.0,Regular
2023-07-24T04:06:41.664Z,XBTUSD,Buy,700,29660.5,ZeroPlusTick,0cddd224-8f69-05b4-6653-d2bade10ae25,2360043,0.02360043,700.0,Regular
2023-07-24T04:06:41.664Z,XBTUSD,Buy,100,29661.0,PlusTick,4810c1bd-22cb-6a79-18cb-84d74a3fa1e9,337143,0.00337143,100.0,Regular
2023-07-24T04:06:41.685Z,XBTUSD,Buy,800,29661.0,ZeroPlusTick,bbe411c3-0dc5-7313-e260-3518bf48b6c8,2697144,0.02697144,800.0,Regular
2023-07-24T04:06:42.694Z,XBTUSD,Buy,1200,29666.0,PlusTick,15d1a2f2-ca29-8d0a-8d84-b42c8a05c89b,4045032,0.04045032,1200.0,Regular
2023-07-24T04:06:43.911Z,XBTUSD,Sell,33600,29668.5,PlusTick,cda790e1-9ca2-249f-d6a6-010589d32ff7,113251488,1.13251488,33600.0,Regular
2023-07-24T04:06:46.977Z,XBTUSD,Sell,25600,29668.5,ZeroPlusTick,92e15739-7ca9-1dee-b41c-3d1acd5e5799,86286848,0.86286848,25600.0,Regular
2023-07-24T04:06:48.699Z,XBTUSD,Sell,100,29665.5,MinusTick,d00a12f6-ea5d-e974-1858-608e4b3153a7,337092,0.00337092,100.0,Regular
2023-07-24T04:06:48.699Z,XBTUSD,Sell,300,29660.5,MinusTick,a2015ba1-2adc-b6bc-9249-ab2118269769,1011447,0.01011447,300.0,Regular
2023-07-24T04:06:48.699Z,XBTUSD,Sell,300,29660.0,MinusTick,b58bed51-0631-c525-3f1c-047c271bf232,1011462,0.01011462,300.0,Regular
2023-07-24T04:06:48.699Z,XBTUSD,Sell,300,29659.5,MinusTick,f22d374b-158f-4ce6-2e81-995fac19aac7,1011480,0.0101148,300.0,Regular
2023-07-24T04:06:48.699Z,XBTUSD,Sell,3400,29659.5,ZeroMinusTick,3b31a7ba-7d8b-20ef-95d2-6a7ddfb25e97,11463440,0.1146344,3400.0,Regular
2023-07-24T04:06:53.326Z,XBTUSD,Sell,18700,29660.0,PlusTick,b2534137-2514-b658-8d80-d1e198bfc360,63047798,0.63047798,18700.0,Regular
2023-07-24T04:06:53.326Z,XBTUSD,Sell,29800,29660.0,ZeroPlusTick,ce925ddf-ff68-ba23-02b2-4ac57649819f,100471892,1.00471892,29800.0,Regular
2023-07-24T04:06:53.326Z,XBTUSD,Sell,10900,29660.0,ZeroPlusTick,c469336b-6db9-e501-1cdd-66d3adf3e715,36749786,0.36749786,10900.0,Regular
2023-07-24T04:06:53.328Z,XBTUSD,Sell,42600,29659.5,MinusTick,a4615221-3d5e-1e09-e13b-1ab03256cedf,143630160,1.4363016,42600.0,Regular
2023-07-24T04:06:53.328Z,XBTUSD,Sell,12900,29659.0,MinusTick,12acd40e-4cc9-34d3-02df-b1e8e973bc77,43494414,0.43494414,12900.0,Regular
2023-07-24T04:06:53.330Z,XBTUSD,Sell,31300,29659.0,ZeroMinusTick,e5c77edf-0735-5dc3-17b3-37efc04fc37b,105532958,1.05532958,31300.0,Regular
2023-07-24T04:07:00.292Z,XBTUSD,Sell,100,29657.0,MinusTick,a92cde6a-6537-8434-d4f9-6d0676195510,337189,0.00337189,100.0,Regular
2023-07-24T04:07:00.292Z,XBTUSD,Sell,100,29657.0,ZeroMinusTick,7e7d7d86-5eb2-7b82-d793-50002d2e6b6a,337189,0.00337189,100.0,Regular
2023-07-24T04:07:00.292Z,XBTUSD,Sell,10500,29651.5,MinusTick,abe410d6-1e44-9708-2ebc-b0ee157508eb,35411355,0.35411355,10500.0,Regular
2023-07-24T04:07:00.292Z,XBTUSD,Sell,8300,29651.0,MinusTick,3f88ec6c-d8ed-61f1-eb88-3acec34cf3bd,27992331,0.27992331,8300.0,Regular
2023-07-24T04:07:00.292Z,XBTUSD,Sell,8000,29651.0,ZeroMinusTick,8b74000d-8582-27c0-9247-54c7796dd86d,26980560,0.2698056,8000.0,Regular
2023-07-24T04:07:00.292Z,XBTUSD,Sell,4700,29650.5,MinusTick,785f09fe-91c3-a77f-88dd-ccda36a0aec5,15851314,0.15851314,4700.0,Regular
2023-07-24T04:07:00.292Z,XBTUSD,Sell,20000,29650.5,ZeroMinusTick,b811ca6f-8105-5de9-2e03-3446e393f88e,67452400,0.674524,20000.0,Regular
2023-07-24T04:07:00.297Z,XBTUSD,Sell,13100,29650.5,ZeroMinusTick,cb1b9b33-7a58-b381-c209-87ffed308807,44181322,0.44181322,13100.0,Regular
2023-07-24T04:07:00.297Z,XBTUSD,Sell,6700,29650.0,MinusTick,be1aed26-d05c-754b-58e8-f2d8fdc4d245,22596956,0.22596956,6700.0,Regular
2023-07-24T04:07:00.297Z,XBTUSD,Sell,100,29650.0,ZeroMinusTick,e0fc833d-1a7c-1e12-9429-01715698a1f3,337268,0.00337268,100.0,Regular
2023-07-24T04:07:00.298Z,XBTUSD,Sell,15300,29650.0,ZeroMinusTick,5eb75381-d205-c203-fd6f-86f3a92e1444,51602004,0.51602004,15300.0,Regular
2023-07-24T04:07:00.300Z,XBTUSD,Sell,40500,29650.0,ZeroMinusTick,4d0e1b99-eb87-8e2d-5dbf-9ce56460ae06,136593540,1.3659354,40500.0,Regular
2023-07-24T04:07:00.300Z,XBTUSD,Sell,1000,29649.5,MinusTick,cfabe41e-2965-49ef-0002-5d46c9bb20b3,3372740,0.0337274,1000.0,Regular
2023-07-24T04:07:00.300Z,XBTUSD,Sell,5500,29648.0,MinusTick,5ca5d19f-5308-c481-5b79-8bd3b9d0363d,18551005,0.18551005,5500.0,Regular
2023-07-24T04:07:00.300Z,XBTUSD,Sell,100,29647.5,MinusTick,24f17bf2-936c-fac6-2b62-52c5428de07e,337297,0.00337297,100.0,Regular
2023-07-24T04:07:00.300Z,XBTUSD,Sell,8800,29647.5,ZeroMinusTick,964b2f79-acc9-d96b-8222-5d90048cfbc2,29682136,0.29682136,8800.0,Regular
2023-07-24T04:07:00.300Z,XBTUSD,Sell,100,29647.0,MinusTick,bae2627a-94dc-2fc0-85a4-508825043955,337302,0.00337302,100.0,Regular
2023-07-24T04:07:00.300Z,XBTUSD,Sell,5800,29646.5,MinusTick,c0964651-239d-c9e5-57d6-497d58f090f4,19563864,0.19563864,5800.0,Regular
2023-07-24T04:07:02.895Z,XBTUSD,Sell,29700,29648.5,PlusTick,9c07b852-2810-c081-97fe-69669fdd425a,100173645,1.00173645,29700.0,Regular
2023-07-24T04:07:08.597Z,XBTUSD,Buy,5200,29642.5,MinusTick,8e5ab587-d353-ffc6-cffc-245bb5b10512,17542356,0.17542356,5200.0,Regular
2023-07-24T04:07:08.645Z,XBTUSD,Buy,6000,29642.5,ZeroMinusTick,2ff2d8e9-baba-fd7b-a478-aeae89be4fcb,20241180,0.2024118,6000.0,Regular
2023-07-24T04:07:08.657Z,XBTUSD,Buy,11100,29644.0,PlusTick,515964d9-5521-eca9-18c1-6deca7f08fa8,37444296,0.37444296,11100.0,Regular
2023-07-24T04:07:08.748Z,XBTUSD,Buy,14900,29645.5,PlusTick,0b47f8a3-7c60-3a12-4322-49767021399e,50260531,0.50260531,14900.0,Regular
2023-07-24T04:07:08.938Z,XBTUSD,Buy,100,29648.5,PlusTick,10d7e1d2-ba97-f79b-3181-445ffceedfaa,337285,0.00337285,100.0,Regular
2023-07-24T04:07:18.366Z,XBTUSD,Buy,25700,29642.5,MinusTick,89bf8c4f-c389-357a-8b93-9c1c4643ecc0,86699721,0.86699721,25700.0,Regular
2023-07-24T04:07:18.366Z,XBTUSD,Buy,32200,29642.5,ZeroMinusTick,6652eff0-5ab6-daae-c1ae-53df6594adab,108627666,1.08627666,32200.0,Regular
2023-07-24T04:07:18.371Z,XBTUSD,Buy,6800,29642.5,ZeroMinusTick,e6328a30-37d3-55aa-2a19-3ec823938361,22940004,0.22940004,6800.0,Regular
2023-07-24T04:07:18.572Z,XBTUSD,Sell,100,29643.5,PlusTick,2cd18d5e-a670-7b55-53d1-c974e03aa926,337342,0.00337342,100.0,Regular
2023-07-24T04:07:22.661Z,XBTUSD,Buy,500,29644.0,PlusTick,87f52754-64a5-39af-af4a-d91d1d5ed9b0,1686680,0.0168668,500.0,Regular
2023-07-24T04:07:22.661Z,XBTUSD,Buy,100,29644.0,ZeroPlusTick,936bd7a9-c9e9-f1fc-5b22-a7aea6de2e21,337336,0.00337336,100.0,Regular
2023-07-24T04:07:22.661Z,XBTUSD,Buy,1600,29644.0,ZeroPlusTick,4f0164de-d73f-bb89-8cbd-262b48954860,5397376,0.05397376,1600.0,Regular
2023-07-24T04:07:22.689Z,XBTUSD,Buy,1600,29644.0,ZeroPlusTick,9d5b95d6-8197-7656-79b7-724f6c9588e6,5397376,0.05397376,1600.0,Regular
2023-07-24T04:07:22.692Z,XBTUSD,Buy,6900,29644.0,ZeroPlusTick,96d1acd2-cabe-ae6d-b014-355367cb9c2e,23276184,0.23276184,6900.0,Regular
2023-07-24T04:07:22.698Z,XBTUSD,Buy,3600,29644.0,ZeroPlusTick,7b2c6ac8-ee8b-f72b-97da-5d699ebff29f,12144096,0.12144096,3600.0,Regular
2023-07-24T04:07:22.701Z,XBTUSD,Buy,4300,29644.0,ZeroPlusTick,26720a4d-493a-5786-2a4c-243522598c57,14505448,0.14505448,4300.0,Regular
2023-07-24T04:07:22.701Z,XBTUSD,Buy,300,29644.0,ZeroPlusTick,8b3b66c6-ebb5-38f1-ca2b-e2df171dc47b,1012008,0.01012008,300.0,Regular
2023-07-24T04:07:22.886Z,XBTUSD,Buy,100,29645.5,PlusTick,96c316ee-664e-cd66-9899-630008a59912,337319,0.00337319,100.0,Regular
2023-07-24T04:07:29.034Z,XBTUSD,Buy,200,29650.5,PlusTick,9b9754a3-badc-9793-c3ff-11d58f7b3a47,674524,0.00674524,200.0,Regular
2023-07-24T04:07:37.881Z,XBTUSD,Sell,15000,29647.5,MinusTick,da61f47b-6a59-0a65-0008-06578f98754a,50594550,0.5059455,15000.0,Regular
2023-07-24T04:07:46.762Z,XBTUSD,Sell,2100,29647.5,ZeroMinusTick,74224fcf-2d8e-ce8a-86c5-6f43ec84d466,7083237,0.07083237,2100.0,Regular
2023-07-24T04:07:50.918Z,XBTUSD,Buy,1200,29644.0,MinusTick,771b4103-7f50-fb0d-3be9-c9ed8b1a539f,4048032,0.04048032,1200.0,Regular
2023-07-24T04:07:50.918Z,XBTUSD,Buy,4500,29644.0,ZeroMinusTick,7f8d2d8f-faf8-5563-fc50-a1de227b1118,15180120,0.1518012,4500.0,Regular
2023-07-24T04:07:50.918Z,XBTUSD,Buy,300,29644.0,ZeroMinusTick,dedc8fec-31db-3a84-f921-3b6104f0ca5b,1012008,0.01012008,300.0,Regular
2023-07-24T04:07:50.918Z,XBTUSD,Buy,100,29644.0,ZeroMinusTick,9422b37c-2c88-3209-3f9f-da2b16239aa1,337336,0.00337336,100.0,Regular
2023-07-24T04:07:51.182Z,XBTUSD,Sell,200,29643.5,MinusTick,fcd0c8ba-2154-3076-b689-0de3fbe300b3,674684,0.00674684,200.0,Regular
2023-07-24T04:07:51.182Z,XBTUSD,Sell,29800,29643.5,ZeroMinusTick,420614eb-3e3f-2d10-18b9-1177de78196f,100527916,1.00527916,29800.0,Regular
2023-07-24T04:07:51.182Z,XBTUSD,Sell,29700,29643.5,ZeroMinusTick,36ac6be4-12b6-8e1e-ec00-18e9c203142c,100190574,1.00190574,29700.0,Regular
2023-07-24T04:07:51.304Z,XBTUSD,Sell,29700,29642.5,MinusTick,820154d2-8129-d3d9-ba3e-307e8681903c,100193841,1.00193841,29700.0,Regular
2023-07-24T04:07:51.304Z,XBTUSD,Sell,200,29642.5,ZeroMinusTick,1a2f3f1e-b3f7-01fa-df66-782bb8633fe1,674706,0.00674706,200.0,Regular
2023-07-24T04:07:51.304Z,XBTUSD,Sell,31100,29642.5,ZeroMinusTick,c1955ceb-b3ad-cbc7-1163-07a705cb93e2,104916783,1.04916783,31100.0,Regular
2023-07-24T04:07:53.134Z,XBTUSD,Sell,100,29642.0,MinusTick,8a16f886-64eb-1a5c-70ed-cdb2a61309da,337359,0.00337359,100.0,Regular
2023-07-24T04:07:53.134Z,XBTUSD,Sell,1000,29640.0,MinusTick,17c98de2-9526-d3b6-cb03-572c09bcd186,3373820,0.0337382,1000.0,Regular
2023-07-24T04:07:53.134Z,XBTUSD,Sell,100,29640.0,ZeroMinusTick,da39bcf4-c5e3-286d-731b-76cf7f44f9b4,337382,0.00337382,100.0,Regular
2023-07-24T04:07:53.134Z,XBTUSD,Sell,100,29640.0,ZeroMinusTick,3a2928bf-f0d0-7e4d-52f6-8314029f7245,337382,0.00337382,100.0,Regular
2023-07-24T04:07:53.134Z,XBTUSD,Sell,13400,29640.0,ZeroMinusTick,478054a7-dcab-a008-fbff-04e8a3cf816e,45209188,0.45209188,13400.0,Regular
2023-07-24T04:07:53.139Z,XBTUSD,Sell,14700,29640.0,ZeroMinusTick,5de5b549-8853-e38e-7f89-af74a1c8619c,49595154,0.49595154,14700.0,Regular
2023-07-24T04:07:53.143Z,XBTUSD,Sell,1900,29640.0,ZeroMinusTick,da6ee2a3-056c-0d91-023e-c72a4b0a72cd,6410258,0.06410258,1900.0,Regular
2023-07-24T04:07:53.143Z,XBTUSD,Sell,2000,29640.0,ZeroMinusTick,78cae37b-5318-fff3-8c83-79c96e6a443c,6747640,0.0674764,2000.0,Regular
2023-07-24T04:07:53.143Z,XBTUSD,Sell,8300,29640.0,ZeroMinusTick,817a8b69-8bab-029c-15bf-5b58ada354c5,28002706,0.28002706,8300.0,Regular
2023-07-24T04:07:53.143Z,XBTUSD,Sell,100,29639.5,MinusTick,8ba84b61-64da-1387-8ac5-ad4d1bb32778,337388,0.00337388,100.0,Regular
2023-07-24T04:07:53.150Z,XBTUSD,Sell,14700,29639.0,MinusTick,8f62fb38-cff9-36f4-c1c5-4aaaecd61c02,49596771,0.49596771,14700.0,Regular
2023-07-24T04:07:53.573Z,XBTUSD,Buy,29700,29638.5,MinusTick,79131b4b-205a-476e-59ef-7d55903a7a9e,100207503,1.00207503,29700.0,Regular
2023-07-24T04:07:54.415Z,XBTUSD,Buy,100,29641.5,PlusTick,93ceea28-15f1-e3cb-4c4d-2f67f7314a35,337365,0.00337365,100.0,Regular
2023-07-24T04:07:55.568Z,XBTUSD,Buy,6500,29647.0,PlusTick,048ddd6d-4d3c-27a3-cb0c-f8180092c119,21924630,0.2192463,6500.0,Regular
2023-07-24T04:07:58.412Z,XBTUSD,Buy,100,29652.5,PlusTick,f9844801-23be-5372-7521-c494c9a6e184,337240,0.0033724,100.0,Regular
2023-07-24T04:08:12.114Z,XBTUSD,Buy,100,29648.5,MinusTick,ddd80adb-1d6f-b48b-a0e2-630884b06a6f,337285,0.00337285,100.0,Regular
2023-07-24T04:08:12.114Z,XBTUSD,Buy,500,29648.5,ZeroMinusTick,7e7f3557-db7b-96d3-74b9-b75944ce6a33,1686425,0.01686425,500.0,Regular
2023-07-24T04:08:12.114Z,XBTUSD,Buy,100,29648.5,ZeroMinusTick,2f4016e9-5721-0617-d146-f25478503f04,337285,0.00337285,100.0,Regular
2023-07-24T04:08:12.114Z,XBTUSD,Buy,100,29648.5,ZeroMinusTick,f308c25d-0a54-f796-9501-3210a553ab19,337285,0.00337285,100.0,Regular
2023-07-24T04:08:19.559Z,XBTUSD,Buy,100,29649.5,PlusTick,24b3a3bd-cdf8-d8fb-43ff-9136455b8a7f,337274,0.00337274,100.0,Regular
2023-07-24T04:08:22.299Z,XBTUSD,Sell,2000,29649.0,MinusTick,f19f9d68-e118-69c4-3e78-14da358eff20,6745600,0.067456,2000.0,Regular
2023-07-24T04:08:22.344Z,XBTUSD,Sell,4200,29649.0,ZeroMinusTick,e8c5b6fd-fa84-f899-7b20-d635f6eca1cb,14165760,0.1416576,4200.0,Regular
2023-07-24T04:08:22.344Z,XBTUSD,Sell,2500,29649.0,ZeroMinusTick,cb596733-85d2-1d78-3940-e4b0a2e14511,8432000,0.08432,2500.0,Regular
2023-07-24T04:08:22.344Z,XBTUSD,Sell,100,29648.0,MinusTick,43e01649-e8a4-c463-1836-9e54cba415cd,337291,0.00337291,100.0,Regular
2023-07-24T04:08:22.346Z,XBTUSD,Sell,31100,29646.5,MinusTick,ee254040-f032-fbb5-6b95-31f86d01c0c2,104902788,1.04902788,31100.0,Regular
2023-07-24T04:08:41.126Z,XBTUSD,Buy,100,29645.5,MinusTick,f7e1fb03-542c-7d08-5010-84cd2d05ed8f,337319,0.00337319,100.0,Regular
2023-07-24T04:08:41.126Z,XBTUSD,Buy,3600,29645.5,ZeroMinusTick,8bf023cc-db2e-8bbb-81c8-2a8f2efb05c2,12143484,0.12143484,3600.0,Regular
2023-07-24T04:08:41.126Z,XBTUSD,Buy,17700,29645.5,ZeroMinusTick,7149cfb4-4d1e-5906-3c9a-801012a315c8,59705463,0.59705463,17700.0,Regular
2023-07-24T04:08:48.696Z,XBTUSD,Buy,100,29648.0,PlusTick,8d232c53-01c0-d749-1350-1a68ac6c517c,337291,0.00337291,100.0,Regular
2023-07-24T04:08:50.399Z,XBTUSD,Sell,5500,29647.5,MinusTick,c71953d8-daa8-ed88-3467-3cf3a0a6d9d0,18551335,0.18551335,5500.0,Regular
2023-07-24T04:08:50.732Z,XBTUSD,Buy,100,29648.0,PlusTick,a858e764-3cc6-b4d5-1973-bf1f4204e4ed,337291,0.00337291,100.0,Regular
2023-07-24T04:08:52.319Z,XBTUSD,Buy,6700,29651.0,PlusTick,79ffdcf1-6021-8b1b-2bf4-72049a184c02,22596219,0.22596219,6700.0,Regular
2023-07-24T04:08:52.342Z,XBTUSD,Buy,100,29651.5,PlusTick,17c512ed-d5e5-b899-b146-331270bca27d,337251,0.00337251,100.0,Regular
2023-07-24T04:08:53.038Z,XBTUSD,Buy,100,29656.0,PlusTick,8339f19b-32d0-9ad7-6bcb-21669e0c28ed,337200,0.003372,100.0,Regular
2023-07-24T04:08:54.552Z,XBTUSD,Buy,55800,29656.0,ZeroPlusTick,6bf5b522-5515-734e-f82b-bff05c93975a,188157600,1.881576,55800.0,Regular
2023-07-24T04:08:54.557Z,XBTUSD,Buy,4100,29656.0,ZeroPlusTick,699a173d-8509-ec19-f981-42846db6b16d,13825200,0.138252,4100.0,Regular
2023-07-24T04:08:55.521Z,XBTUSD,Buy,100,29660.0,PlusTick,4dad80f6-5e62-24a8-f9a0-d1c1d47e926d,337154,0.00337154,100.0,Regular
2023-07-24T04:08:56.410Z,XBTUSD,Sell,500,29660.0,ZeroPlusTick,4ae64a66-c95e-4be1-10d4-76d108bf7cc8,1685770,0.0168577,500.0,Regular
2023-07-24T04:09:02.041Z,XBTUSD,Buy,100,29660.5,PlusTick,38fd47ad-b075-901f-8c2c-cf531354b5e1,337149,0.00337149,100.0,Regular
2023-07-24T04:09:05.915Z,XBTUSD,Sell,500,29671.0,PlusTick,a195185a-9103-29b6-69ec-a3f9ca979c7a,1685145,0.01685145,500.0,Regular
2023-07-24T04:09:08.832Z,XBTUSD,Buy,100,29672.0,PlusTick,3de0674a-3ecb-1f87-f6b4-af05b2080011,337018,0.00337018,100.0,Regular
2023-07-24T04:09:08.944Z,XBTUSD,Buy,1200,29674.0,PlusTick,3800a5da-f081-408e-0f3b-96d360b2c478,4043940,0.0404394,1200.0,Regular
2023-07-24T04:09:08.944Z,XBTUSD,Buy,1000,29676.0,PlusTick,380ebf3f-7ef2-77d9-473f-c445ca721058,3369730,0.0336973,1000.0,Regular
2023-07-24T04:09:08.944Z,XBTUSD,Buy,13100,29676.5,PlusTick,812ceb45-d74d-100f-6929-015531bce875,44142677,0.44142677,13100.0,Regular
2023-07-24T04:09:08.946Z,XBTUSD,Buy,33400,29676.5,ZeroPlusTick,afcd7f20-7d58-70cc-8e0d-44ecae28369b,112546978,1.12546978,33400.0,Regular
2023-07-24T04:09:08.946Z,XBTUSD,Buy,300,29676.5,ZeroPlusTick,194e6d8e-fc48-4312-33cc-d37dfbd5d855,1010901,0.01010901,300.0,Regular
2023-07-24T04:09:08.946Z,XBTUSD,Buy,800,29676.5,ZeroPlusTick,85b892fc-5542-4ee8-3e2b-77b69889da49,2695736,0.02695736,800.0,Regular
2023-07-24T04:09:08.946Z,XBTUSD,Buy,17200,29677.0,PlusTick,609b5851-caf3-c106-cc95-0c83b5dabb83,57957292,0.57957292,17200.0,Regular
2023-07-24T04:09:08.950Z,XBTUSD,Buy,60300,29677.0,ZeroPlusTick,ebba14e1-fec9-80f3-b6c6-775e5a142b38,203187483,2.03187483,60300.0,Regular
2023-07-24T04:09:08.950Z,XBTUSD,Buy,300,29677.0,ZeroPlusTick,b42eed6e-d7d5-e4ee-03aa-167aab2dc8f9,1010883,0.01010883,300.0,Regular
2023-07-24T04:09:08.950Z,XBTUSD,Buy,800,29677.0,ZeroPlusTick,2236e637-2b43-3dda-4ece-8df2d2def046,2695688,0.02695688,800.0,Regular
2023-07-24T04:09:08.950Z,XBTUSD,Buy,300,29677.5,PlusTick,494643a1-032a-7ffc-3e06-0e5beaf22dc7,1010868,0.01010868,300.0,Regular
2023-07-24T04:09:08.950Z,XBTUSD,Buy,100,29678.5,PlusTick,d6e6d234-97e9-7d3a-9688-116b08f3f79a,336944,0.00336944,100.0,Regular
2023-07-24T04:09:08.955Z,XBTUSD,Buy,19900,29678.5,ZeroPlusTick,9521df39-f554-ee8a-c993-43fc253cd975,67051856,0.67051856,19900.0,Regular
2023-07-24T04:09:16.221Z,XBTUSD,Sell,100,29676.5,MinusTick,f922e788-6240-ac76-3bf4-c6b91e8627d5,336967,0.00336967,100.0,Regular
2023-07-24T04:09:16.221Z,XBTUSD,Sell,2400,29676.5,ZeroMinusTick,7460cac5-1601-1738-5e75-0261ac617609,8087208,0.08087208,2400.0,Regular
2023-07-24T04:09:17.878Z,XBTUSD,Buy,1200,29677.0,PlusTick,c1b58348-7db9-50f3-fb56-b7f462034fd8,4043532,0.04043532,1200.0,Regular
2023-07-24T04:09:17.878Z,XBTUSD,Buy,200,29677.0,ZeroPlusTick,84f272b2-2de2-c7ca-ab3e-48808f95eb8f,673922,0.00673922,200.0,Regular
2023-07-24T04:09:17.878Z,XBTUSD,Buy,1100,29679.5,PlusTick,e6e7c07f-f384-efb6-a13d-17c0d46ca020,3706263,0.03706263,1100.0,Regular
2023-07-24T04:09:18.636Z,XBTUSD,Buy,800,29679.0,MinusTick,8603412b-e0c2-1fc9-f726-1d06b6ec5943,2695512,0.02695512,800.0,Regular
2023-07-24T04:09:18.680Z,XBTUSD,Buy,100,29680.0,PlusTick,9eaae2e6-9590-045a-6c1b-e2ad764179a4,336927,0.00336927,100.0,Regular
2023-07-24T04:09:18.692Z,XBTUSD,Buy,100,29681.0,PlusTick,47b9d982-5289-9f0f-8388-0722a7a0afed,336916,0.00336916,100.0,Regular
2023-07-24T04:09:39.765Z,XBTUSD,Sell,100,29681.0,ZeroPlusTick,f3fcb0eb-12aa-85b5-1957-80c8863ce5a2,336916,0.00336916,100.0,Regular
2023-07-24T04:09:39.765Z,XBTUSD,Sell,1000,29681.0,ZeroPlusTick,cca50711-5fa8-c347-39c5-96280e66012e,3369160,0.0336916,1000.0,Regular
2023-07-24T04:09:57.714Z,XBTUSD,Sell,200,29674.0,MinusTick,c67c5802-8b39-02a8-b51f-240a5e768ac7,673990,0.0067399,200.0,Regular
2023-07-24T04:09:57.714Z,XBTUSD,Sell,1500,29674.0,ZeroMinusTick,15ba527d-1205-31f7-bcb4-ca3924e44bdf,5054925,0.05054925,1500.0,Regular
2023-07-24T04:09:57.751Z,XBTUSD,Sell,10000,29674.0,ZeroMinusTick,24448638-1e63-45aa-1740-2fc6696c5319,33699500,0.336995,10000.0,Regular
2023-07-24T04:09:57.751Z,XBTUSD,Sell,2200,29673.5,MinusTick,6aa8d782-e6ba-78a8-217a-06e3a5637edc,7414022,0.07414022,2200.0,Regular
2023-07-24T04:10:00.970Z,XBTUSD,Sell,29800,29671.0,MinusTick,a3aa8cc6-e7fb-a994-0d11-5179402715a6,100434642,1.00434642,29800.0,Regular
2023-07-24T04:10:07.178Z,XBTUSD,Sell,100,29668.5,MinusTick,958f55d2-b9ce-7a6d-3f57-b0fd77b6f14a,337058,0.00337058,100.0,Regular
2023-07-24T04:10:07.178Z,XBTUSD,Sell,2200,29668.0,MinusTick,26a7f4db-fdd1-5aa1-f8fa-fd492c77ca03,7415408,0.07415408,2200.0,Regular
2023-07-24T04:10:13.782Z,XBTUSD,Sell,100,29666.5,MinusTick,d8c8849b-9502-3093-bac3-6ab6d50681c4,337081,0.00337081,100.0,Regular
2023-07-24T04:10:14.237Z,XBTUSD,Sell,100,29666.5,ZeroMinusTick,40c2e114-be79-f8a9-ba34-7f429077f815,337081,0.00337081,100.0,Regular
2023-07-24T04:10:14.749Z,XBTUSD,Sell,100,29666.5,ZeroMinusTick,61790847-0c85-29f7-16fd-e2976a3f1ef7,337081,0.00337081,100.0,Regular
2023-07-24T04:10:15.143Z,XBTUSD,Sell,1600,29666.5,ZeroMinusTick,89157350-835f-a019-dab0-02b05bfa465f,5393296,0.05393296,1600.0,Regular
2023-07-24T04:10:15.143Z,XBTUSD,Sell,1200,29666.5,ZeroMinusTick,024fffd6-6381-55d4-a396-246079c88b26,4044972,0.04044972,1200.0,Regular
2023-07-24T04:10:15.143Z,XBTUSD,Sell,100,29666.5,ZeroMinusTick,2fe53f35-bfaf-955c-a264-26e7e5eecf62,337081,0.00337081,100.0,Regular
2023-07-24T04:10:15.143Z,XBTUSD,Sell,200,29666.5,ZeroMinusTick,33614b79-8d93-8027-c2c4-ec7726b11406,674162,0.00674162,200.0,Regular
2023-07-24T04:10:15.143Z,XBTUSD,Sell,100,29666.5,ZeroMinusTick,eaf5da01-c705-d865-bb7b-a34606ce4ee2,337081,0.00337081,100.0,Regular
2023-07-24T04:10:15.143Z,XBTUSD,Sell,100,29666.5,ZeroMinusTick,db27d6d9-068f-6e38-d260-0080e8d4d59f,337081,0.00337081,100.0,Regular
2023-07-24T04:10:15.143Z,XBTUSD,Sell,200,29666.5,ZeroMinusTick,171391a6-aa7b-a23b-5e26-68f357d34b77,674162,0.00674162,200.0,Regular
2023-07-24T04:10:15.143Z,XBTUSD,Sell,100,29666.5,ZeroMinusTick,b9df11a7-dbb9-4459-e233-223bac354d93,337081,0.00337081,100.0,Regular
2023-07-24T04:10:15.143Z,XBTUSD,Sell,400,29666.5,ZeroMinusTick,00dcf0db-bdce-8788-7c85-706b88d7f45d,1348324,0.01348324,400.0,Regular
2023-07-24T04:10:15.143Z,XBTUSD,Sell,3000,29666.5,ZeroMinusTick,29afaf05-022e-c7f9-bc1c-d365636f7100,10112430,0.1011243,3000.0,Regular
2023-07-24T04:10:15.143Z,XBTUSD,Sell,15500,29666.5,ZeroMinusTick,d4e8caf7-d7d8-1942-22cd-08b82ea29120,52247555,0.52247555,15500.0,Regular
2023-07-24T04:10:15.198Z,XBTUSD,Sell,100,29666.0,MinusTick,01422fc4-e30e-9c08-11cb-a7b6661f5adf,337086,0.00337086,100.0,Regular
2023-07-24T04:10:15.238Z,XBTUSD,Sell,2100,29666.0,ZeroMinusTick,8adea42e-cb7d-8de9-8f0e-24353dc9838f,7078806,0.07078806,2100.0,Regular
2023-07-24T04:10:15.238Z,XBTUSD,Sell,20400,29665.0,MinusTick,0f95b5aa-f5e5-3125-8003-653129576827,68767992,0.68767992,20400.0,Regular
2023-07-24T04:10:15.691Z,XBTUSD,Sell,100,29665.0,ZeroMinusTick,64ca5ef0-48be-0e8a-165e-5507239fbe1f,337098,0.00337098,100.0,Regular
2023-07-24T04:10:16.181Z,XBTUSD,Sell,100,29665.0,ZeroMinusTick,b3be2139-f691-5f3f-4015-318e174cd805,337098,0.00337098,100.0,Regular
2023-07-24T04:10:17.021Z,XBTUSD,Sell,100,29665.0,ZeroMinusTick,af1cbb58-3e0b-a5b1-417f-bade668d7f5e,337098,0.00337098,100.0,Regular
2023-07-24T04:10:17.508Z,XBTUSD,Sell,100,29665.0,ZeroMinusTick,96910309-08c0-89f1-7c5a-46267e63f69a,337098,0.00337098,100.0,Regular
2023-07-24T04:10:18.045Z,XBTUSD,Sell,100,29665.0,ZeroMinusTick,f0005e42-3009-bf5d-42ff-c70825d381be,337098,0.00337098,100.0,Regular
2023-07-24T04:10:18.568Z,XBTUSD,Sell,100,29665.0,ZeroMinusTick,6ddbe1cc-0a6c-17db-64bb-0140ec04004c,337098,0.00337098,100.0,Regular
2023-07-24T04:10:24.585Z,XBTUSD,Sell,300,29665.0,ZeroMinusTick,dad00d9b-431a-9dfa-4dc0-db71462d3270,1011294,0.01011294,300.0,Regular
2023-07-24T04:10:24.585Z,XBTUSD,Sell,1200,29665.0,ZeroMinusTick,b17ebc64-bf09-6650-7c68-a9926d91ab64,4045176,0.04045176,1200.0,Regular
2023-07-24T04:10:24.585Z,XBTUSD,Sell,2200,29664.0,MinusTick,c25cdecc-9130-d71f-caec-c0727648b622,7416398,0.07416398,2200.0,Regular
2023-07-24T04:10:24.585Z,XBTUSD,Sell,100,29663.5,MinusTick,e92961dd-b7e2-5d70-b2ee-06e3e481d8bc,337115,0.00337115,100.0,Regular
2023-07-24T04:10:24.585Z,XBTUSD,Sell,54700,29663.5,ZeroMinusTick,cf30a874-5dfe-6fc3-77f8-55da0c751bcb,184401905,1.84401905,54700.0,Regular
2023-07-24T04:10:32.158Z,XBTUSD,Buy,25500,29663.0,MinusTick,6f1135c5-b2df-b917-6998-203a409482e4,85965600,0.859656,25500.0,Regular
2023-07-24T04:10:32.158Z,XBTUSD,Buy,1400,29663.0,ZeroMinusTick,dcfd1bfa-77a5-f945-e984-3750426c08fe,4719680,0.0471968,1400.0,Regular
2023-07-24T04:10:32.158Z,XBTUSD,Buy,300,29663.0,ZeroMinusTick,210587de-0cbe-abc4-28ad-aa57b240ab03,1011360,0.0101136,300.0,Regular
2023-07-24T04:10:32.158Z,XBTUSD,Buy,100,29663.0,ZeroMinusTick,2f1397e2-75ea-00e2-d447-d131a5aa367e,337120,0.0033712,100.0,Regular
2023-07-24T04:10:32.158Z,XBTUSD,Buy,2000,29663.0,ZeroMinusTick,4a854040-fe11-72a1-fc37-007cb16b1237,6742400,0.067424,2000.0,Regular
2023-07-24T04:10:32.928Z,XBTUSD,Buy,3200,29668.0,PlusTick,959de393-441f-d9aa-8888-6d7616e31543,10786048,0.10786048,3200.0,Regular
2023-07-24T04:10:32.928Z,XBTUSD,Buy,11700,29668.0,ZeroPlusTick,5f206b96-0f56-ba07-9407-2420e3ed2073,39436488,0.39436488,11700.0,Regular
2023-07-24T04:10:32.951Z,XBTUSD,Buy,100,29670.0,PlusTick,e0dc05dc-2b89-848c-1adc-415ecc09ed87,337041,0.00337041,100.0,Regular
2023-07-24T04:10:40.187Z,XBTUSD,Buy,2500,29674.0,PlusTick,ddc9c47b-8eba-fd39-d157-965e8dca3c4c,8424875,0.08424875,2500.0,Regular
2023-07-24T04:10:40.507Z,XBTUSD,Buy,1700,29674.0,ZeroPlusTick,6b04a074-24bf-1304-7694-959d5fdd6974,5728915,0.05728915,1700.0,Regular
2023-07-24T04:10:40.507Z,XBTUSD,Buy,5600,29674.0,ZeroPlusTick,7650f527-ada5-2875-292a-f2a3519058a0,18871720,0.1887172,5600.0,Regular
2023-07-24T04:10:40.507Z,XBTUSD,Buy,12800,29674.0,ZeroPlusTick,e44a93a0-e3e6-bee6-814d-82debabd7be5,43135360,0.4313536,12800.0,Regular
2023-07-24T04:10:46.080Z,XBTUSD,Buy,2500,29674.5,PlusTick,b621a879-ce6d-3b6f-a2ad-d313c8ac4a10,8424750,0.0842475,2500.0,Regular
2023-07-24T04:10:50.602Z,XBTUSD,Sell,100,29674.0,MinusTick,9697ec63-0ba9-cd13-12ff-73a70dd05669,336995,0.00336995,100.0,Regular
2023-07-24T04:10:50.602Z,XBTUSD,Sell,700,29674.0,ZeroMinusTick,1ed8bbf2-84f6-1efa-9b5c-3aff2596e1db,2358965,0.02358965,700.0,Regular
2023-07-24T04:10:50.602Z,XBTUSD,Sell,14900,29674.0,ZeroMinusTick,ff22424f-edd2-1b1e-acc1-c9b5aec76cb0,50212255,0.50212255,14900.0,Regular
2023-07-24T04:10:58.529Z,XBTUSD,Buy,500,29671.0,MinusTick,574cc12c-4aab-2a14-17d8-79fe3b00007b,1685145,0.01685145,500.0,Regular
2023-07-24T04:11:00.962Z,XBTUSD,Buy,500,29671.0,ZeroMinusTick,2c53172d-af3e-3eeb-8887-dd75b79b582c,1685145,0.01685145,500.0,Regular
2023-07-24T04:11:17.872Z,XBTUSD,Buy,400,29671.0,ZeroMinusTick,7ff55f4e-6d74-3c9b-7d73-d1970a654a2c,1348116,0.01348116,400.0,Regular
2023-07-24T04:11:17.872Z,XBTUSD,Buy,400,29671.0,ZeroMinusTick,d86efe1f-40cf-2a18-7162-469b3ce2571d,1348116,0.01348116,400.0,Regular
2023-07-24T04:11:17.872Z,XBTUSD,Buy,6000,29671.0,ZeroMinusTick,c9354650-f302-435d-b66c-c31dafbd9719,20221740,0.2022174,6000.0,Regular
2023-07-24T04:11:17.872Z,XBTUSD,Buy,2900,29671.0,ZeroMinusTick,8b3eb97f-89c1-5081-fd01-dc5138022e9c,9773841,0.09773841,2900.0,Regular
2023-07-24T04:11:17.872Z,XBTUSD,Buy,1600,29671.0,ZeroMinusTick,0c020b1d-5cec-9d71-4f05-c7f99b83b5a2,5392464,0.05392464,1600.0,Regular
2023-07-24T04:11:17.872Z,XBTUSD,Buy,58800,29671.0,ZeroMinusTick,e5832319-b5f9-245b-c9aa-f2af6599ab7d,198173052,1.98173052,58800.0,Regular
2023-07-24T04:11:26.418Z,XBTUSD,Buy,6700,29675.0,PlusTick,4bc81808-5435-f1ea-43d9-69f195459898,22577928,0.22577928,6700.0,Regular
2023-07-24T04:11:26.418Z,XBTUSD,Buy,100,29675.0,ZeroPlusTick,3cb8869e-dc0d-0abb-5aaf-86b0ee6b7830,336984,0.00336984,100.0,Regular
2023-07-24T04:11:26.418Z,XBTUSD,Buy,100,29675.0,ZeroPlusTick,89feccc4-741e-0393-2982-3e6b2deb5c2f,336984,0.00336984,100.0,Regular
2023-07-24T04:11:26.465Z,XBTUSD,Buy,100,29677.5,PlusTick,6d6ab13c-1021-e1de-3bd2-851c84dd4700,336956,0.00336956,100.0,Regular
2023-07-24T04:11:26.468Z,XBTUSD,Buy,300,29678.5,PlusTick,705e08c1-0267-97e6-90d6-d2f04a893568,1010832,0.01010832,300.0,Regular
2023-07-24T04:11:26.468Z,XBTUSD,Buy,8000,29678.5,ZeroPlusTick,0e5e9615-155e-4f75-653e-94996737e07f,26955520,0.2695552,8000.0,Regular
2023-07-24T04:11:26.468Z,XBTUSD,Buy,300,29679.0,PlusTick,538b82c9-274b-740e-744c-409fe4b06759,1010817,0.01010817,300.0,Regular
2023-07-24T04:11:26.468Z,XBTUSD,Buy,800,29679.0,ZeroPlusTick,3fb414f5-45be-a2f7-1185-b13b926f4a97,2695512,0.02695512,800.0,Regular
2023-07-24T04:11:26.497Z,XBTUSD,Buy,800,29679.5,PlusTick,be6bbede-45b8-043f-2791-4a96cc38e667,2695464,0.02695464,800.0,Regular
2023-07-24T04:11:26.497Z,XBTUSD,Buy,300,29680.5,PlusTick,9eaf1d52-f924-8138-0cd4-3bebe79512cb,1010766,0.01010766,300.0,Regular
2023-07-24T04:11:26.497Z,XBTUSD,Buy,300,29681.0,PlusTick,6d3c13ef-3cd9-5831-585b-f5432ad753cb,1010748,0.01010748,300.0,Regular
2023-07-24T04:11:38.141Z,XBTUSD,Buy,10000,29682.0,PlusTick,6d0637f9-e6ed-5c34-a33d-51c64716c204,33690500,0.336905,10000.0,Regular
2023-07-24T04:11:38.141Z,XBTUSD,Buy,16900,29682.0,ZeroPlusTick,1e717183-7e93-087c-71aa-6da9d251ac13,56936945,0.56936945,16900.0,Regular
2023-07-24T04:11:42.012Z,XBTUSD,Buy,1000,29684.5,PlusTick,757221d8-58c9-0944-ef1a-9c71fdfb5d7f,3368760,0.0336876,1000.0,Regular
2023-07-24T04:11:42.012Z,XBTUSD,Buy,4000,29684.5,ZeroPlusTick,75f43bcd-c5a7-0ba5-b48e-485554fea2d7,13475040,0.1347504,4000.0,Regular
2023-07-24T04:11:42.035Z,XBTUSD,Buy,1000,29684.5,ZeroPlusTick,1de14c04-595c-9ab3-a46f-964c9dd4d62e,3368760,0.0336876,1000.0,Regular
2023-07-24T04:11:42.035Z,XBTUSD,Buy,4300,29684.5,ZeroPlusTick,b97dfac0-351a-f5e0-18d1-5881b2eefe0b,14485668,0.14485668,4300.0,Regular
2023-07-24T04:11:50.950Z,XBTUSD,Buy,100,29689.5,PlusTick,56da91a7-a4f1-ebb1-3797-e9878e8dee32,336819,0.00336819,100.0,Regular
2023-07-24T04:12:01.212Z,XBTUSD,Buy,2300,29691.5,PlusTick,40b1e1de-ac05-7122-6ffe-132e3ede39a9,7746331,0.07746331,2300.0,Regular
2023-07-24T04:12:01.212Z,XBTUSD,Buy,400,29691.5,ZeroPlusTick,41ad5e92-5a27-0348-b617-cc8baf374b3f,1347188,0.01347188,400.0,Regular
2023-07-24T04:12:04.880Z,XBTUSD,Buy,4000,29691.5,ZeroPlusTick,d308846b-9f99-1b80-1c7e-b9f7f13a24f3,13471880,0.1347188,4000.0,Regular
2023-07-24T04:12:04.880Z,XBTUSD,Buy,500,29691.5,ZeroPlusTick,f3738185-20be-11db-d849-48b5b8571b56,1683985,0.01683985,500.0,Regular
2023-07-24T04:12:05.206Z,XBTUSD,Buy,100,29694.0,PlusTick,f8e0af60-ea56-401b-ea62-ca63fffc399d,336768,0.00336768,100.0,Regular
2023-07-24T04:12:05.206Z,XBTUSD,Buy,100,29694.5,PlusTick,dae4abc4-9c65-d332-9ba7-7cf758de875e,336763,0.00336763,100.0,Regular
2023-07-24T04:12:05.206Z,XBTUSD,Buy,2500,29695.0,PlusTick,88b9fa40-9167-dd7b-4536-4c4202f00b37,8418925,0.08418925,2500.0,Regular
2023-07-24T04:12:06.623Z,XBTUSD,Buy,10000,29695.5,PlusTick,3e8c522e-6efc-8655-e41c-178e95a4ad67,33675100,0.336751,10000.0,Regular
2023-07-24T04:12:06.671Z,XBTUSD,Buy,800,29698.0,PlusTick,18ab9d8e-081c-17e4-7e21-e1cd13f3f381,2693784,0.02693784,800.0,Regular
2023-07-24T04:12:07.129Z,XBTUSD,Buy,100,29700.0,PlusTick,5fd0772f-4952-248c-0be6-8ad509fca784,336700,0.003367,100.0,Regular
2023-07-24T04:12:07.129Z,XBTUSD,Buy,100,29700.0,ZeroPlusTick,fe77f4d0-9938-e83e-c5a6-07c31b0b5b11,336700,0.003367,100.0,Regular
2023-07-24T04:12:09.161Z,XBTUSD,Sell,1300,29701.0,PlusTick,a4f4e2b3-9f8c-6575-e1ae-e65bef528f53,4376957,0.04376957,1300.0,Regular
2023-07-24T04:12:09.243Z,XBTUSD,Buy,10500,29701.5,PlusTick,5fba1dbb-0c4e-be7e-f0de-7b456f60f2f6,35351715,0.35351715,10500.0,Regular
2023-07-24T04:12:09.243Z,XBTUSD,Buy,1700,29701.5,ZeroPlusTick,ebb97390-ec75-787a-d094-b40c6381eaba,5723611,0.05723611,1700.0,Regular
2023-07-24T04:12:09.243Z,XBTUSD,Buy,1000,29701.5,ZeroPlusTick,cfa92451-39ce-34f1-7336-195c94ae515e,3366830,0.0336683,1000.0,Regular
2023-07-24T04:12:09.243Z,XBTUSD,Buy,1800,29701.5,ZeroPlusTick,34152d73-3308-a9c2-c387-492830c1c003,6060294,0.06060294,1800.0,Regular
2023-07-24T04:12:09.243Z,XBTUSD,Buy,1900,29701.5,ZeroPlusTick,49a47aa0-df81-2774-cfbc-85ee5bbe12e6,6396977,0.06396977,1900.0,Regular
2023-07-24T04:12:09.243Z,XBTUSD,Buy,13100,29703.5,PlusTick,4b92ee03-b86d-67fe-aec1-764a8238e879,44102591,0.44102591,13100.0,Regular
2023-07-24T04:12:10.204Z,XBTUSD,Sell,700,29702.5,MinusTick,5b741026-f771-6d08-2547-2edadd789e61,2356704,0.02356704,700.0,Regular
2023-07-24T04:12:11.240Z,XBTUSD,Sell,200,29702.5,ZeroMinusTick,c70206fa-bc5f-8566-8353-97693b05c478,673344,0.00673344,200.0,Regular
2023-07-24T04:12:15.710Z,XBTUSD,Buy,100,29705.5,PlusTick,e7114b26-7e00-312f-4ba0-b30092990a14,336638,0.00336638,100.0,Regular
2023-07-24T04:12:16.023Z,XBTUSD,Buy,10000,29708.0,PlusTick,bb9ceb2b-6348-c067-fcdb-86a6a1ba7ce7,33661000,0.33661,10000.0,Regular
2023-07-24T04:12:16.537Z,XBTUSD,Buy,300,29709.0,PlusTick,e92ea162-6ca3-8992-a2a6-d461828b9db2,1009794,0.01009794,300.0,Regular
2023-07-24T04:12:16.537Z,XBTUSD,Buy,100,29710.0,PlusTick,645294c9-913d-7552-f1f9-b3133812eff2,336587,0.00336587,100.0,Regular
2023-07-24T04:12:16.537Z,XBTUSD,Buy,26500,29712.0,PlusTick,4f09f90a-6fc0-33d5-3e7f-1b283aec571b,89189460,0.8918946,26500.0,Regular
2023-07-24T04:12:16.543Z,XBTUSD,Buy,16400,29712.0,ZeroPlusTick,21f46a57-1859-e9fe-8daa-e0ce88f2ab69,55196496,0.55196496,16400.0,Regular
2023-07-24T04:12:16.550Z,XBTUSD,Buy,1200,29713.5,PlusTick,daf83d1b-6a77-30cd-7991-0d389cac14c1,4038564,0.04038564,1200.0,Regular
2023-07-24T04:12:16.561Z,XBTUSD,Buy,5600,29715.5,PlusTick,4fefc672-8e93-67e8-1a32-fd82a7ecde8c,18845400,0.188454,5600.0,Regular
2023-07-24T04:12:16.566Z,XBTUSD,Buy,2400,29715.5,ZeroPlusTick,df730d0e-b654-4432-b35c-d1e5340113ef,8076600,0.080766,2400.0,Regular
2023-07-24T04:12:16.566Z,XBTUSD,Buy,300,29716.0,PlusTick,b6b16e40-344d-fbd3-0f89-4b46e403577c,1009557,0.01009557,300.0,Regular
2023-07-24T04:12:16.586Z,XBTUSD,Buy,6100,29716.5,PlusTick,1477d992-a6d4-848b-94f8-facba7603d98,20527293,0.20527293,6100.0,Regular
2023-07-24T04:12:16.610Z,XBTUSD,Buy,2200,29716.5,ZeroPlusTick,102d8d96-9f83-4e25-10a8-eb8126096e8e,7403286,0.07403286,2200.0,Regular
2023-07-24T04:12:16.610Z,XBTUSD,Buy,300,29716.5,ZeroPlusTick,096e6794-53db-971e-285a-a6cfbd58579c,1009539,0.01009539,300.0,Regular
2023-07-24T04:12:17.107Z,XBTUSD,Sell,39000,29718.5,PlusTick,6526130b-e49e-3397-cb09-2aba14bd8450,131231490,1.3123149,39000.0,Regular
2023-07-24T04:12:17.384Z,XBTUSD,Sell,16200,29717.5,MinusTick,bd624f39-33ac-f95c-0edd-7552ab176fd6,54513324,0.54513324,16200.0,Regular
2023-07-24T04:12:18.298Z,XBTUSD,Sell,200,29717.5,ZeroMinusTick,4169d95b-51b7-ec10-388c-9ce4d953878d,673004,0.00673004,200.0,Regular
2023-07-24T04:12:19.346Z,XBTUSD,Sell,100,29716.0,MinusTick,3b5cde43-5838-351b-d5c4-061f09d0cf28,336519,0.00336519,100.0,Regular
2023-07-24T04:12:20.383Z,XBTUSD,Sell,200,29716.0,ZeroMinusTick,c0acd7b2-f87e-fba2-f2ac-d56d7f5a4d38,673038,0.00673038,200.0,Regular
2023-07-24T04:12:21.335Z,XBTUSD,Buy,1200,29716.5,PlusTick,1e634e46-7272-da33-d90a-130c3fd90bc1,4038156,0.04038156,1200.0,Regular
2023-07-24T04:12:21.423Z,XBTUSD,Sell,1300,29717.0,PlusTick,e16201eb-2276-8f62-c851-3861f25e9197,4374604,0.04374604,1300.0,Regular
2023-07-24T04:12:22.456Z,XBTUSD,Sell,300,29719.0,PlusTick,3013283f-d236-1597-e592-3deb9e943e21,1009455,0.01009455,300.0,Regular
2023-07-24T04:12:23.496Z,XBTUSD,Sell,400,29719.0,ZeroPlusTick,92b1a376-f5a5-bda5-550b-718d25f6d7f0,1345940,0.0134594,400.0,Regular
2023-07-24T04:12:31.842Z,XBTUSD,Buy,1500,29719.5,PlusTick,e5b48cbc-fe3d-b768-0f05-6b4db7bff52b,5047185,0.05047185,1500.0,Regular
2023-07-24T04:12:31.842Z,XBTUSD,Buy,100,29719.5,ZeroPlusTick,93f42903-97d4-9d74-5cfc-2d26233f3d3a,336479,0.00336479,100.0,Regular
2023-07-24T04:12:33.953Z,XBTUSD,Buy,100,29720.0,PlusTick,0e450d08-8e98-1bc5-5793-9d0c16ff95eb,336474,0.00336474,100.0,Regular
2023-07-24T04:12:33.953Z,XBTUSD,Buy,100,29720.0,ZeroPlusTick,57e33a77-3f1b-ae0b-21fc-a0edcbd7367d,336474,0.00336474,100.0,Regular
2023-07-24T04:12:33.953Z,XBTUSD,Buy,1300,29720.0,ZeroPlusTick,af363141-f52b-bb93-95c9-79eca2c8f660,4374162,0.04374162,1300.0,Regular
2023-07-24T04:12:40.697Z,XBTUSD,Buy,100,29720.0,ZeroPlusTick,639cc06b-861d-f998-d408-e90a5cc2dcdf,336474,0.00336474,100.0,Regular
2023-07-24T04:12:40.697Z,XBTUSD,Buy,3900,29720.0,ZeroPlusTick,2ce76397-217b-e245-cebf-181f31664468,13122486,0.13122486,3900.0,Regular
2023-07-24T04:12:46.504Z,XBTUSD,Buy,300,29720.0,ZeroPlusTick,8a04dfe1-7b60-b21a-afc9-6c922ffb5bdd,1009422,0.01009422,300.0,Regular
2023-07-24T04:12:47.290Z,XBTUSD,Buy,4700,29720.5,PlusTick,301b80fd-88c4-2e3a-f7a1-de4b2a5de01e,15813996,0.15813996,4700.0,Regular
2023-07-24T04:12:47.293Z,XBTUSD,Buy,5300,29720.5,ZeroPlusTick,790f378d-7c24-74eb-0053-3c2205fa6e4f,17832804,0.17832804,5300.0,Regular
2023-07-24T04:12:47.479Z,XBTUSD,Buy,100,29722.0,PlusTick,28674dd4-1d32-f2da-65b3-046553bb262a,336451,0.00336451,100.0,Regular
2023-07-24T04:12:47.604Z,XBTUSD,Buy,100,29722.5,PlusTick,b1c4c56b-bfe2-145f-b54b-ff7bd7643981,336445,0.00336445,100.0,Regular
2023-07-24T04:12:47.647Z,XBTUSD,Buy,5000,29722.5,ZeroPlusTick,3a410d39-2f67-20bb-9a2a-4ee077888c49,16822250,0.1682225,5000.0,Regular
2023-07-24T04:12:56.127Z,XBTUSD,Buy,400,29725.5,PlusTick,e86fb9cb-388e-57c6-3ce0-9abccfa10c6b,1345644,0.01345644,400.0,Regular
2023-07-24T04:12:59.081Z,XBTUSD,Buy,200,29726.5,PlusTick,873c95df-f9d7-5803-6fa4-385d01f8dbbd,672800,0.006728,200.0,Regular
2023-07-24T04:12:59.081Z,XBTUSD,Buy,200,29726.5,ZeroPlusTick,79f36843-ed6f-c190-ef0a-2f156ee3ef71,672800,0.006728,200.0,Regular
2023-07-24T04:12:59.081Z,XBTUSD,Buy,200,29726.5,ZeroPlusTick,6029fa36-776c-cf6c-8d7a-ea2fdaf75b84,672800,0.006728,200.0,Regular
2023-07-24T04:13:00.613Z,XBTUSD,Sell,200,29727.0,PlusTick,3d7de3da-7911-86ed-36ae-6f47ac398442,672790,0.0067279,200.0,Regular
2023-07-24T04:13:01.644Z,XBTUSD,Sell,200,29727.0,ZeroPlusTick,25612072-ddab-a337-be3d-3cc2946efe89,672790,0.0067279,200.0,Regular
2023-07-24T04:13:05.755Z,XBTUSD,Sell,400,29727.0,ZeroPlusTick,b6cb3b2e-917d-4e8b-431b-121d6df9f75a,1345580,0.0134558,400.0,Regular
2023-07-24T04:13:05.755Z,XBTUSD,Sell,26200,29727.0,ZeroPlusTick,8cc7b54f-41e8-8db4-1e91-cb8a2acd1c83,88135490,0.8813549,26200.0,Regular
2023-07-24T04:13:05.755Z,XBTUSD,Sell,200,29727.0,ZeroPlusTick,fbc0c7d4-c928-947f-d1e9-bb0b8342ab47,672790,0.0067279,200.0,Regular
2023-07-24T04:13:05.755Z,XBTUSD,Sell,5700,29727.0,ZeroPlusTick,28dbc19b-c47e-969a-7171-621f217c6656,19174515,0.19174515,5700.0,Regular
2023-07-24T04:13:05.755Z,XBTUSD,Sell,1400,29727.0,ZeroPlusTick,78ef8ae1-97c7-5652-f5ea-80a461a1f2a6,4709530,0.0470953,1400.0,Regular
2023-07-24T04:13:05.755Z,XBTUSD,Sell,100,29727.0,ZeroPlusTick,d8340df6-d3bf-8199-73b2-b5109f6ad500,336395,0.00336395,100.0,Regular
2023-07-24T04:13:11.282Z,XBTUSD,Buy,2200,29722.5,MinusTick,b70dead7-2666-4172-a453-75e64e177096,7401790,0.0740179,2200.0,Regular
2023-07-24T04:13:13.171Z,XBTUSD,Sell,100,29722.0,MinusTick,a4fe6fc9-346e-ee81-30ee-3f9c44ad22cf,336451,0.00336451,100.0,Regular
2023-07-24T04:13:13.171Z,XBTUSD,Sell,2600,29722.0,ZeroMinusTick,abfe156d-0687-7502-d21b-860fb64259bf,8747726,0.08747726,2600.0,Regular
2023-07-24T04:13:13.436Z,XBTUSD,Sell,3900,29722.0,ZeroMinusTick,73ccc5f7-f792-a4be-57af-08fd8dbdd2b3,13121589,0.13121589,3900.0,Regular
2023-07-24T04:13:13.436Z,XBTUSD,Sell,400,29722.0,ZeroMinusTick,38fade6f-8fb5-7e27-691b-c951ae78b8b1,1345804,0.01345804,400.0,Regular
2023-07-24T04:13:13.436Z,XBTUSD,Sell,1400,29722.0,ZeroMinusTick,e7519a92-55e3-6a25-0e5f-2d4bd0c6903a,4710314,0.04710314,1400.0,Regular
2023-07-24T04:13:17.809Z,XBTUSD,Buy,100,29721.5,MinusTick,1443ab9e-127b-a9ae-0c74-d20c8dada9c4,336457,0.00336457,100.0,Regular
2023-07-24T04:13:17.809Z,XBTUSD,Buy,100,29721.5,ZeroMinusTick,efe98cc0-5aa4-5b28-6038-f129240b9dda,336457,0.00336457,100.0,Regular
2023-07-24T04:13:17.809Z,XBTUSD,Buy,100,29721.5,ZeroMinusTick,bc620d12-cf45-a732-ce85-aec08c37f003,336457,0.00336457,100.0,Regular
2023-07-24T04:13:20.061Z,XBTUSD,Sell,1200,29725.0,PlusTick,2b609f25-c6d3-9c52-496c-35b7fa065623,4037004,0.04037004,1200.0,Regular
2023-07-24T04:13:20.061Z,XBTUSD,Sell,29800,29725.0,ZeroPlusTick,dea79f45-4a2b-2612-3bf1-dcf8539078dc,100252266,1.00252266,29800.0,Regular
2023-07-24T04:13:23.196Z,XBTUSD,Buy,2700,29722.5,MinusTick,3f68fb8e-8803-f52b-2267-25289887f95f,9084015,0.09084015,2700.0,Regular
2023-07-24T04:13:33.525Z,XBTUSD,Buy,100,29724.0,PlusTick,29b06027-6964-139d-3247-0133340704d4,336428,0.00336428,100.0,Regular
2023-07-24T04:13:33.525Z,XBTUSD,Buy,100,29724.0,ZeroPlusTick,ce8b6952-5a06-aa54-86be-37889e2f51fe,336428,0.00336428,100.0,Regular
2023-07-24T04:13:33.756Z,XBTUSD,Buy,700,29725.0,PlusTick,9a43a8f3-f874-ecb9-1170-3e8b70cb4f65,2354919,0.02354919,700.0,Regular
2023-07-24T04:14:16.877Z,XBTUSD,Buy,1000,29725.0,ZeroPlusTick,8743113f-db34-759d-fc78-908844c5e25b,3364170,0.0336417,1000.0,Regular
2023-07-24T04:14:20.423Z,XBTUSD,Sell,100,29724.5,MinusTick,4b52ec08-cc6d-1cf4-5a2e-84e44836d783,336423,0.00336423,100.0,Regular
2023-07-24T04:14:22.816Z,XBTUSD,Sell,100,29724.5,ZeroMinusTick,5f1e533d-7b94-0038-c710-981af8d0ef87,336423,0.00336423,100.0,Regular
2023-07-24T04:14:25.005Z,XBTUSD,Sell,100,29724.5,ZeroMinusTick,bdcaee88-0926-955f-7f90-5b5122ec3ec4,336423,0.00336423,100.0,Regular
2023-07-24T04:14:27.500Z,XBTUSD,Sell,100,29724.5,ZeroMinusTick,a6e7c519-94d2-cacf-df85-63e88609d175,336423,0.00336423,100.0,Regular
2023-07-24T04:14:30.686Z,XBTUSD,Sell,100,29724.5,ZeroMinusTick,53204327-7fde-4fd7-904a-8cd51ceae0cf,336423,0.00336423,100.0,Regular
2023-07-24T04:14:37.072Z,XBTUSD,Sell,100,29724.5,ZeroMinusTick,2a85bec9-eb2f-53e6-0360-d89919e0851b,336423,0.00336423,100.0,Regular
2023-07-24T04:14:38.684Z,XBTUSD,Sell,100,29724.5,ZeroMinusTick,df2b0ab3-07ce-9426-3c58-b37756332ede,336423,0.00336423,100.0,Regular
2023-07-24T04:14:41.967Z,XBTUSD,Sell,100,29724.5,ZeroMinusTick,640388bd-059a-ce41-7e80-6848adc5c757,336423,0.00336423,100.0,Regular
2023-07-24T04:15:04.799Z,XBTUSD,Buy,2000,29725.0,PlusTick,37ba2e23-c57b-a851-b5be-c0118e38d075,6728340,0.0672834,2000.0,Regular
2023-07-24T04:15:04.950Z,XBTUSD,Sell,10700,29724.5,MinusTick,9e7161f5-a2c8-0c4a-d41d-57a95b81748e,35997261,0.35997261,10700.0,Regular
2023-07-24T04:15:04.950Z,XBTUSD,Sell,100,29724.5,ZeroMinusTick,a1561a0d-d73b-0650-fb94-da39df408e87,336423,0.00336423,100.0,Regular
2023-07-24T04:15:04.950Z,XBTUSD,Sell,600,29724.5,ZeroMinusTick,9b68e099-4124-5769-0b37-7c7b653f48a1,2018538,0.02018538,600.0,Regular
2023-07-24T04:15:04.950Z,XBTUSD,Sell,5000,29724.5,ZeroMinusTick,ae7c30ec-c99b-aa3a-0ec7-f6342933fe39,16821150,0.1682115,5000.0,Regular
2023-07-24T04:15:04.950Z,XBTUSD,Sell,1400,29724.5,ZeroMinusTick,7c690ec7-cdec-74a5-082b-dd8c8ae3fa73,4709922,0.04709922,1400.0,Regular
2023-07-24T04:15:04.950Z,XBTUSD,Sell,200,29724.5,ZeroMinusTick,f1e20081-ce0f-6c2a-b582-116fe75ae735,672846,0.00672846,200.0,Regular
2023-07-24T04:15:04.950Z,XBTUSD,Sell,100,29724.5,ZeroMinusTick,16b6664a-d703-3e02-332f-66f5feb21908,336423,0.00336423,100.0,Regular
2023-07-24T04:15:04.950Z,XBTUSD,Sell,300,29724.5,ZeroMinusTick,5670afec-09d0-5888-aa97-9bf1431a7c95,1009269,0.01009269,300.0,Regular
2023-07-24T04:15:04.950Z,XBTUSD,Sell,200,29724.5,ZeroMinusTick,98b02698-b6c6-e91b-600d-65d894a42ba1,672846,0.00672846,200.0,Regular
2023-07-24T04:15:04.950Z,XBTUSD,Sell,100,29724.5,ZeroMinusTick,ece9b4c4-f3ce-be48-2f5e-e42487818d8a,336423,0.00336423,100.0,Regular
2023-07-24T04:15:04.950Z,XBTUSD,Sell,1000,29724.5,ZeroMinusTick,0e7ea438-f35b-6cc9-8f50-3f7df15f7640,3364230,0.0336423,1000.0,Regular
2023-07-24T04:15:04.950Z,XBTUSD,Sell,1200,29724.5,ZeroMinusTick,70f70d17-590d-b2e8-c6c5-029e8af51572,4037076,0.04037076,1200.0,Regular
2023-07-24T04:15:05.074Z,XBTUSD,Buy,4800,29723.5,MinusTick,51c2069d-4815-8c52-df8b-00f488b59042,16148832,0.16148832,4800.0,Regular
2023-07-24T04:15:06.155Z,XBTUSD,Sell,100,29722.0,MinusTick,111be9ed-e723-ac0f-9f69-c1b38c850053,336451,0.00336451,100.0,Regular
2023-07-24T04:15:08.258Z,XBTUSD,Sell,100,29721.5,MinusTick,11312151-c539-eb1a-0af9-2768fd9e2eb7,336457,0.00336457,100.0,Regular
2023-07-24T04:15:08.296Z,XBTUSD,Sell,6700,29721.0,MinusTick,abf66823-af0c-3343-7014-e4537c066cce,22542954,0.22542954,6700.0,Regular
2023-07-24T04:15:08.296Z,XBTUSD,Sell,100,29721.0,ZeroMinusTick,5df49e99-d7cc-3f56-4d10-7f26535ebe6a,336462,0.00336462,100.0,Regular
2023-07-24T04:15:29.958Z,XBTUSD,Sell,1200,29720.5,MinusTick,f645ddbc-724b-07fa-d7d2-68e7e8c1b2f6,4037616,0.04037616,1200.0,Regular
2023-07-24T04:15:29.958Z,XBTUSD,Sell,300,29720.5,ZeroMinusTick,68428bd1-c265-2cad-ddea-403d02eff080,1009404,0.01009404,300.0,Regular
2023-07-24T04:15:29.958Z,XBTUSD,Sell,200,29720.5,ZeroMinusTick,217dfd04-f561-81a4-eebc-b90b4739ad3b,672936,0.00672936,200.0,Regular
2023-07-24T04:15:29.958Z,XBTUSD,Sell,5300,29720.0,MinusTick,148492d0-fbcd-8bcd-b624-aaf37375ac04,17833122,0.17833122,5300.0,Regular
2023-07-24T04:15:29.997Z,XBTUSD,Sell,1700,29720.0,ZeroMinusTick,90ef7b37-7e49-1e0b-2cad-9a8eef396f23,5720058,0.05720058,1700.0,Regular
2023-07-24T04:15:30.127Z,XBTUSD,Sell,200,29718.5,MinusTick,aadd1de2-dec8-ea56-41b6-87c57bf16625,672982,0.00672982,200.0,Regular
2023-07-24T04:15:34.464Z,XBTUSD,Buy,25000,29714.5,MinusTick,37485388-00c5-a0c7-d5a3-862daba6927c,84134000,0.84134,25000.0,Regular
2023-07-24T04:15:34.464Z,XBTUSD,Buy,200,29714.5,ZeroMinusTick,6f049051-77ea-55ba-67d0-df6a958a93ae,673072,0.00673072,200.0,Regular
2023-07-24T04:15:34.464Z,XBTUSD,Buy,10700,29714.5,ZeroMinusTick,cd459486-2004-2ed5-2c1d-c89be22649dd,36009352,0.36009352,10700.0,Regular
2023-07-24T04:15:37.492Z,XBTUSD,Buy,100,29719.0,PlusTick,852f4321-0871-f0ad-8d8f-336a1b8909a1,336485,0.00336485,100.0,Regular
2023-07-24T04:15:43.004Z,XBTUSD,Sell,100,29720.5,PlusTick,e75e4703-0dfe-bfb8-200c-3038c7cfe773,336468,0.00336468,100.0,Regular
2023-07-24T04:15:47.330Z,XBTUSD,Sell,30000,29715.0,MinusTick,d386e34a-11db-4684-5740-f4ca5b21b1c8,100959000,1.00959,30000.0,Regular
2023-07-24T04:15:47.330Z,XBTUSD,Sell,100,29715.0,ZeroMinusTick,1c601553-e9b9-d354-35e9-69a99f91eabb,336530,0.0033653,100.0,Regular
2023-07-24T04:15:47.330Z,XBTUSD,Sell,300,29715.0,ZeroMinusTick,bd3b8a12-0f81-9ba4-187f-08bef26a22ce,1009590,0.0100959,300.0,Regular
2023-07-24T04:15:50.457Z,XBTUSD,Sell,6600,29714.0,MinusTick,2ebee180-4b2e-07ba-ac2d-9285775ad251,22211772,0.22211772,6600.0,Regular
2023-07-24T04:15:50.494Z,XBTUSD,Sell,100,29713.0,MinusTick,473fdc1a-816c-ddca-b13f-cb931d6bb240,336553,0.00336553,100.0,Regular
2023-07-24T04:16:02.854Z,XBTUSD,Sell,100,29707.0,MinusTick,fc6842c5-cdf2-7f88-e50a-5ddb40482496,336621,0.00336621,100.0,Regular
2023-07-24T04:16:11.131Z,XBTUSD,Buy,40500,29707.0,ZeroMinusTick,e8713c0d-8246-1a8e-e9b3-21f02d02b15d,136331505,1.36331505,40500.0,Regular
2023-07-24T04:16:11.131Z,XBTUSD,Buy,9500,29707.0,ZeroMinusTick,7a2d0e85-b992-98a7-4d7c-66885c0e60b0,31978995,0.31978995,9500.0,Regular
2023-07-24T04:16:11.131Z,XBTUSD,Buy,16900,29707.0,ZeroMinusTick,e4c651a4-3183-b758-f09b-c0af087fcb47,56888949,0.56888949,16900.0,Regular
2023-07-24T04:16:11.131Z,XBTUSD,Buy,6400,29707.0,ZeroMinusTick,540d6705-2445-bf4f-e976-6328cdf1976d,21543744,0.21543744,6400.0,Regular
2023-07-24T04:16:11.136Z,XBTUSD,Buy,200,29707.0,ZeroMinusTick,e7198dea-b06e-340c-1dbe-a4c576752657,673242,0.00673242,200.0,Regular
2023-07-24T04:16:11.136Z,XBTUSD,Buy,3200,29707.0,ZeroMinusTick,172d138e-7381-f426-52f2-398a2d495ad7,10771872,0.10771872,3200.0,Regular
2023-07-24T04:16:11.136Z,XBTUSD,Buy,2700,29707.0,ZeroMinusTick,9e6ee241-79d9-2d9f-312a-9fbe0bd101f9,9088767,0.09088767,2700.0,Regular
2023-07-24T04:16:11.136Z,XBTUSD,Buy,100,29707.0,ZeroMinusTick,0661f01c-4a2f-e76a-c61d-12d9dd7eaf64,336621,0.00336621,100.0,Regular
2023-07-24T04:16:11.136Z,XBTUSD,Buy,67400,29707.0,ZeroMinusTick,3d1b3a36-e853-9616-fbaf-1dc27bb7a2fa,226882554,2.26882554,67400.0,Regular
2023-07-24T04:16:11.136Z,XBTUSD,Buy,2200,29707.0,ZeroMinusTick,c528f159-f5cd-3b01-c265-f0e33111217e,7405662,0.07405662,2200.0,Regular
2023-07-24T04:16:12.268Z,XBTUSD,Buy,100,29712.0,PlusTick,6783e863-f562-0db6-a70e-b0335e59e299,336564,0.00336564,100.0,Regular
2023-07-24T04:16:12.268Z,XBTUSD,Buy,100,29712.0,ZeroPlusTick,66a5da5a-6bac-383a-dd50-38946be2cf6b,336564,0.00336564,100.0,Regular
2023-07-24T04:16:20.277Z,XBTUSD,Buy,100,29718.5,PlusTick,b545a852-e75b-0078-55f5-a066cd01515b,336491,0.00336491,100.0,Regular
2023-07-24T04:16:20.277Z,XBTUSD,Buy,400,29718.5,ZeroPlusTick,72e11d3e-1ea0-68fd-4b7b-b1926a358b49,1345964,0.01345964,400.0,Regular
2023-07-24T04:16:20.277Z,XBTUSD,Buy,2400,29718.5,ZeroPlusTick,fdcec3ac-bbeb-77b5-4905-43bf8fddd888,8075784,0.08075784,2400.0,Regular
2023-07-24T04:16:20.330Z,XBTUSD,Buy,400,29719.0,PlusTick,6cdb5cf8-1335-ade2-3404-0ed5d4969cc2,1345940,0.0134594,400.0,Regular
2023-07-24T04:16:20.353Z,XBTUSD,Buy,400,29719.0,ZeroPlusTick,026db0c6-c7d3-50cd-20b6-e4a52ae455be,1345940,0.0134594,400.0,Regular
2023-07-24T04:16:20.356Z,XBTUSD,Buy,7400,29719.0,ZeroPlusTick,d37c7ea6-64ea-4d85-88b9-805ae06ab269,24899890,0.2489989,7400.0,Regular
2023-07-24T04:16:20.362Z,XBTUSD,Buy,1800,29719.0,ZeroPlusTick,4e1258b9-d129-16f1-573c-93aaacb04a2e,6056730,0.0605673,1800.0,Regular
2023-07-24T04:16:56.757Z,XBTUSD,Buy,400,29720.0,PlusTick,48f9f302-78be-d44c-f799-9ec480db24b0,1345896,0.01345896,400.0,Regular
2023-07-24T04:17:03.050Z,XBTUSD,Sell,200,29719.5,MinusTick,fda161d8-a5fa-b390-0d9e-7a83e736aade,672958,0.00672958,200.0,Regular
2023-07-24T04:17:03.050Z,XBTUSD,Sell,5200,29719.5,ZeroMinusTick,997de43d-e424-1f20-bf01-a1bfd2cf273b,17496908,0.17496908,5200.0,Regular
2023-07-24T04:17:03.050Z,XBTUSD,Sell,8000,29716.5,MinusTick,1a5e189f-34bd-36e2-1872-e481776b1f06,26921040,0.2692104,8000.0,Regular
2023-07-24T04:17:03.050Z,XBTUSD,Sell,8700,29716.0,MinusTick,863efd3b-644b-39ee-6cf8-37e7743ef04b,29277153,0.29277153,8700.0,Regular
2023-07-24T04:17:23.321Z,XBTUSD,Sell,100,29715.0,MinusTick,305aa418-2888-2a9a-4595-20e9f5a816f5,336530,0.0033653,100.0,Regular
2023-07-24T04:17:23.321Z,XBTUSD,Sell,200,29715.0,ZeroMinusTick,8ff38769-1765-a0c2-1524-270f5420c994,673060,0.0067306,200.0,Regular
2023-07-24T04:17:23.400Z,XBTUSD,Sell,100,29714.0,MinusTick,31508766-428d-f33a-a646-8117ac9e2a55,336542,0.00336542,100.0,Regular
2023-07-24T04:17:23.487Z,XBTUSD,Sell,100,29713.5,MinusTick,4c23a646-2fdc-6399-61b2-75c1c980837f,336547,0.00336547,100.0,Regular
2023-07-24T04:17:23.922Z,XBTUSD,Sell,100,29713.0,MinusTick,74c08516-4a14-533b-fcc7-bf11526cced8,336553,0.00336553,100.0,Regular
2023-07-24T04:17:30.177Z,XBTUSD,Sell,100,29712.5,MinusTick,90b49a01-870e-6ac2-c8a5-615e7d8274b3,336559,0.00336559,100.0,Regular
2023-07-24T04:17:30.190Z,XBTUSD,Sell,100,29712.0,MinusTick,dfeb98d2-63c7-f2e3-b8a1-0d154310eb72,336564,0.00336564,100.0,Regular
2023-07-24T04:17:32.909Z,XBTUSD,Sell,100,29711.0,MinusTick,2a470d95-3de2-8d73-9b74-e9089310c0f8,336576,0.00336576,100.0,Regular
2023-07-24T04:17:32.909Z,XBTUSD,Sell,29800,29711.0,ZeroMinusTick,f77fc60b-bd8b-88c0-357c-6c7ef174e706,100299648,1.00299648,29800.0,Regular
2023-07-24T04:17:34.227Z,XBTUSD,Sell,500,29707.5,MinusTick,769704bf-f8d5-3bb9-19d7-f39494482830,1683075,0.01683075,500.0,Regular
2023-07-24T04:17:53.737Z,XBTUSD,Buy,500,29707.0,MinusTick,dd519ff8-9922-267d-4cbc-d54040a9f6ad,1683105,0.01683105,500.0,Regular
2023-07-24T04:17:59.163Z,XBTUSD,Buy,500,29707.0,ZeroMinusTick,f5631522-d980-4cf5-44b5-656fa360cc0a,1683105,0.01683105,500.0,Regular
2023-07-24T04:18:36.190Z,XBTUSD,Buy,100,29707.0,ZeroMinusTick,e9cb5f59-4e86-1538-6184-07033309824d,336621,0.00336621,100.0,Regular
2023-07-24T04:18:36.190Z,XBTUSD,Buy,300,29707.0,ZeroMinusTick,4cf607ec-46c2-97ea-851d-13adeccc2031,1009863,0.01009863,300.0,Regular
2023-07-24T04:18:36.190Z,XBTUSD,Buy,5300,29707.0,ZeroMinusTick,db99c287-b82e-48ea-c213-1ce47545a4d3,17840913,0.17840913,5300.0,Regular
2023-07-24T04:18:36.196Z,XBTUSD,Buy,5900,29707.0,ZeroMinusTick,740dd333-1f07-7807-62b7-74ad941cca68,19860639,0.19860639,5900.0,Regular
2023-07-24T04:18:36.200Z,XBTUSD,Buy,8100,29707.0,ZeroMinusTick,08b9b44f-6e0d-4b21-3279-b904508fa912,27266301,0.27266301,8100.0,Regular
2023-07-24T04:18:36.200Z,XBTUSD,Buy,10100,29707.0,ZeroMinusTick,49cafbb9-2c54-7982-4f8d-8afcced9337e,33998721,0.33998721,10100.0,Regular
2023-07-24T04:18:36.200Z,XBTUSD,Buy,4200,29707.0,ZeroMinusTick,2f8b6001-8294-91d7-da1a-3ffbea2870f6,14138082,0.14138082,4200.0,Regular
2023-07-24T04:18:36.200Z,XBTUSD,Buy,8200,29707.0,ZeroMinusTick,80ccaaa1-3cf3-be79-eaa2-202aee27cd8b,27602922,0.27602922,8200.0,Regular
2023-07-24T04:18:36.205Z,XBTUSD,Buy,4200,29707.0,ZeroMinusTick,b419393b-0486-48aa-4f00-f0787fd77efa,14138082,0.14138082,4200.0,Regular
2023-07-24T04:18:36.205Z,XBTUSD,Buy,100,29707.0,ZeroMinusTick,c511e6e1-c0a6-a394-e1a0-49261cfaca17,336621,0.00336621,100.0,Regular
2023-07-24T04:18:36.205Z,XBTUSD,Buy,8500,29707.0,ZeroMinusTick,effc7377-61a9-96bb-c8b9-e79305ed9003,28612785,0.28612785,8500.0,Regular
2023-07-24T04:18:36.328Z,XBTUSD,Buy,100,29710.0,PlusTick,6896a64b-b1ab-e47e-9f36-3076d8ba44c1,336587,0.00336587,100.0,Regular
2023-07-24T04:18:43.711Z,XBTUSD,Buy,100,29718.0,PlusTick,0bfc447e-8cf9-b96c-f988-1bef5a28677f,336496,0.00336496,100.0,Regular
2023-07-24T04:18:44.636Z,XBTUSD,Buy,100,29718.0,ZeroPlusTick,213ac629-fc32-69a0-b7e6-a1f23031856e,336496,0.00336496,100.0,Regular
2023-07-24T04:18:47.365Z,XBTUSD,Buy,100,29718.0,ZeroPlusTick,1778d40b-5f07-079a-ac68-8b23c6bfe61a,336496,0.00336496,100.0,Regular
2023-07-24T04:18:47.718Z,XBTUSD,Buy,500,29718.0,ZeroPlusTick,7d9e2bbb-98bf-5077-079b-6559cf90bbbd,1682480,0.0168248,500.0,Regular
2023-07-24T04:18:47.724Z,XBTUSD,Buy,5900,29718.0,ZeroPlusTick,19091ca9-d3cd-d653-6f06-2b223895ee62,19853264,0.19853264,5900.0,Regular
2023-07-24T04:18:47.724Z,XBTUSD,Buy,1000,29718.0,ZeroPlusTick,44f3e486-3bc6-52cb-4057-b9d072fa921e,3364960,0.0336496,1000.0,Regular
2023-07-24T04:18:47.724Z,XBTUSD,Buy,300,29718.0,ZeroPlusTick,9687a01f-a9a7-df09-0dc0-4e8e1cc08f43,1009488,0.01009488,300.0,Regular
2023-07-24T04:18:47.752Z,XBTUSD,Buy,100,29718.5,PlusTick,17108856-1073-dd66-6b59-75b10a5303d3,336491,0.00336491,100.0,Regular
2023-07-24T04:18:48.113Z,XBTUSD,Buy,100,29720.0,PlusTick,6a08cc83-ecb4-c112-0f14-828b6190e662,336474,0.00336474,100.0,Regular
2023-07-24T04:18:48.817Z,XBTUSD,Buy,100,29720.0,ZeroPlusTick,5c4316e3-ce60-9f9d-e0a6-50969680baff,336474,0.00336474,100.0,Regular
2023-07-24T04:18:49.763Z,XBTUSD,Buy,100,29720.0,ZeroPlusTick,af8811c7-8dba-fd7e-9aff-10d65c2f3214,336474,0.00336474,100.0,Regular
2023-07-24T04:18:50.518Z,XBTUSD,Buy,100,29720.0,ZeroPlusTick,2c4bbca8-73b2-c603-954a-654b933d8ebe,336474,0.00336474,100.0,Regular
2023-07-24T04:18:51.283Z,XBTUSD,Buy,100,29720.0,ZeroPlusTick,8c9ce7dc-4d3c-7acb-0f11-a691407fde8f,336474,0.00336474,100.0,Regular
2023-07-24T04:18:51.922Z,XBTUSD,Buy,8000,29720.0,ZeroPlusTick,7913ce4d-234a-93ea-49c2-2e122cc131d9,26917920,0.2691792,8000.0,Regular
2023-07-24T04:18:51.922Z,XBTUSD,Buy,2100,29720.0,ZeroPlusTick,1c9b5aaf-ce55-6e06-fa4e-09e6b121516d,7065954,0.07065954,2100.0,Regular
2023-07-24T04:18:52.378Z,XBTUSD,Buy,100,29722.0,PlusTick,28e1b340-4772-fa56-075e-0971936bc19d,336451,0.00336451,100.0,Regular
2023-07-24T04:18:54.076Z,XBTUSD,Buy,100,29722.0,ZeroPlusTick,464a7f15-7b60-0144-d6dc-89805fa18dee,336451,0.00336451,100.0,Regular
2023-07-24T04:18:54.167Z,XBTUSD,Buy,5700,29722.0,ZeroPlusTick,4105b8af-8294-dc22-11f6-5c6f19b46680,19177707,0.19177707,5700.0,Regular
2023-07-24T04:18:54.167Z,XBTUSD,Buy,11200,29722.0,ZeroPlusTick,6561a748-073f-ed04-f0b6-317e4fdce054,37682512,0.37682512,11200.0,Regular
2023-07-24T04:18:54.850Z,XBTUSD,Buy,100,29726.5,PlusTick,9373bf37-c45d-08d5-fe04-baff211d75fb,336400,0.003364,100.0,Regular
2023-07-24T04:18:55.645Z,XBTUSD,Buy,100,29726.5,ZeroPlusTick,900c480b-3c5d-9c8a-338e-59a08b7bb122,336400,0.003364,100.0,Regular
2023-07-24T04:18:56.158Z,XBTUSD,Buy,4800,29726.5,ZeroPlusTick,47ebddbe-021e-ddf7-3f2d-4f65ee653989,16147200,0.161472,4800.0,Regular
2023-07-24T04:18:56.179Z,XBTUSD,Buy,100,29727.0,PlusTick,388144fb-b0cb-4b8d-7dea-80b101ad341d,336395,0.00336395,100.0,Regular
2023-07-24T04:18:56.211Z,XBTUSD,Buy,200,29727.5,PlusTick,4e98ab6b-4a2c-1577-f53c-59e4ba16adfb,672778,0.00672778,200.0,Regular
2023-07-24T04:19:03.900Z,XBTUSD,Sell,200,29729.5,PlusTick,b13963d7-b37a-3a93-c859-4a7c33e067ed,672732,0.00672732,200.0,Regular
2023-07-24T04:19:03.981Z,XBTUSD,Buy,20000,29727.0,MinusTick,f846b3bb-8336-7fec-6eee-f8d958a5206c,67279000,0.67279,20000.0,Regular
2023-07-24T04:19:15.946Z,XBTUSD,Sell,100,29726.5,MinusTick,6f293d44-9585-127b-f187-e0c000864c61,336400,0.003364,100.0,Regular
2023-07-24T04:19:20.355Z,XBTUSD,Sell,100,29726.5,ZeroMinusTick,f15dfffa-2561-53d9-5d93-a160be95a1ac,336400,0.003364,100.0,Regular
2023-07-24T04:19:22.175Z,XBTUSD,Sell,100,29726.5,ZeroMinusTick,30627f24-170a-a7ad-288c-153e45bf92a8,336400,0.003364,100.0,Regular
2023-07-24T04:19:34.147Z,XBTUSD,Sell,100,29726.5,ZeroMinusTick,5f084879-1aad-db67-6c36-3d0d4bb99bf8,336400,0.003364,100.0,Regular
2023-07-24T04:19:37.133Z,XBTUSD,Sell,100,29726.5,ZeroMinusTick,6c8f8345-198e-55ba-3465-136447ffe724,336400,0.003364,100.0,Regular
2023-07-24T04:19:52.764Z,XBTUSD,Sell,100,29726.5,ZeroMinusTick,5af7b2d1-80fa-875a-ef8b-a9877d5962e7,336400,0.003364,100.0,Regular
2023-07-24T04:20:02.259Z,XBTUSD,Sell,100,29726.5,ZeroMinusTick,3c64ab1b-b1dc-348d-d778-ef39cdc9ae82,336400,0.003364,100.0,Regular
2023-07-24T04:20:07.587Z,XBTUSD,Sell,29700,29726.5,ZeroMinusTick,0ec78b68-9225-7d19-4ce0-3eff11eace9e,99910800,0.999108,29700.0,Regular
2023-07-24T04:20:07.587Z,XBTUSD,Sell,100,29726.5,ZeroMinusTick,ea087992-6a05-367d-93af-c60d6c11d84c,336400,0.003364,100.0,Regular
2023-07-24T04:20:07.587Z,XBTUSD,Sell,100,29726.5,ZeroMinusTick,f9295d0c-9938-7e8d-5791-a7efbb444f8b,336400,0.003364,100.0,Regular
2023-07-24T04:20:12.943Z,XBTUSD,Sell,100,29724.5,MinusTick,f8dc3d7e-141d-e44b-f1ca-baa74c591996,336423,0.00336423,100.0,Regular
2023-07-24T04:20:13.416Z,XBTUSD,Sell,100,29724.5,ZeroMinusTick,48bbbe43-e169-a6fb-c0cf-4cbd148920f2,336423,0.00336423,100.0,Regular
2023-07-24T04:20:13.763Z,XBTUSD,Sell,100,29724.5,ZeroMinusTick,029b07e0-9c0a-7157-5323-b9ebdabe34f0,336423,0.00336423,100.0,Regular
2023-07-24T04:20:14.299Z,XBTUSD,Sell,100,29723.5,MinusTick,9b7b17ad-ca33-2ef9-138d-81752956794e,336434,0.00336434,100.0,Regular
2023-07-24T04:20:16.648Z,XBTUSD,Sell,100,29721.5,MinusTick,e1bc0c86-ebd0-e2f5-50bf-4f4561e21b68,336457,0.00336457,100.0,Regular
2023-07-24T04:20:48.133Z,XBTUSD,Sell,100,29721.5,ZeroMinusTick,149e3a80-41e2-4ea7-baa5-53c744e46bcf,336457,0.00336457,100.0,Regular
2023-07-24T04:20:48.757Z,XBTUSD,Sell,100,29721.5,ZeroMinusTick,1a8e1960-4bc9-9bd5-7790-c80279e6871c,336457,0.00336457,100.0,Regular
2023-07-24T04:20:49.400Z,XBTUSD,Sell,100,29721.5,ZeroMinusTick,a4bdcb65-3d21-b762-2645-7ba6010922b0,336457,0.00336457,100.0,Regular
2023-07-24T04:20:50.104Z,XBTUSD,Sell,100,29721.5,ZeroMinusTick,07d5de2d-ea87-e338-a2af-fb1ef4530a05,336457,0.00336457,100.0,Regular
2023-07-24T04:20:50.710Z,XBTUSD,Sell,100,29721.5,ZeroMinusTick,d277343c-e414-9036-2900-06838d483d3c,336457,0.00336457,100.0,Regular
2023-07-24T04:21:04.130Z,XBTUSD,Sell,29400,29721.5,ZeroMinusTick,9227f911-d653-67d3-bec1-62af66967286,98918358,0.98918358,29400.0,Regular
2023-07-24T04:21:04.130Z,XBTUSD,Sell,100,29721.5,ZeroMinusTick,1619b1a7-2f04-70a3-942f-88676657fa52,336457,0.00336457,100.0,Regular
2023-07-24T04:21:08.039Z,XBTUSD,Sell,10000,29721.0,MinusTick,65a4f76c-7b08-a2c8-9775-e9a7840bbe5f,33646200,0.336462,10000.0,Regular
2023-07-24T04:21:17.454Z,XBTUSD,Buy,37500,29719.5,MinusTick,844b563d-c5df-2ec1-4de0-773e8563c8fb,126179625,1.26179625,37500.0,Regular
2023-07-24T04:21:17.454Z,XBTUSD,Buy,300,29719.5,ZeroMinusTick,2bb544e8-c57a-eb11-526d-690c58b72d31,1009437,0.01009437,300.0,Regular
2023-07-24T04:21:17.454Z,XBTUSD,Buy,3200,29719.5,ZeroMinusTick,86797582-3bd0-ba6d-d055-e1ea31ea2e24,10767328,0.10767328,3200.0,Regular
2023-07-24T04:21:17.454Z,XBTUSD,Buy,12900,29719.5,ZeroMinusTick,e1ac5d3b-a2cc-8ebd-1b6e-bac0a4023717,43405791,0.43405791,12900.0,Regular
2023-07-24T04:21:17.454Z,XBTUSD,Buy,200,29719.5,ZeroMinusTick,7ec947e2-196c-37cc-27d5-3332e0631eba,672958,0.00672958,200.0,Regular
2023-07-24T04:21:17.454Z,XBTUSD,Buy,6800,29719.5,ZeroMinusTick,8bb09f52-de48-34bc-dda9-ef9f13973173,22880572,0.22880572,6800.0,Regular
2023-07-24T04:21:17.454Z,XBTUSD,Buy,3600,29719.5,ZeroMinusTick,97965129-ae82-34c3-bc93-a267a4b68f0f,12113244,0.12113244,3600.0,Regular
2023-07-24T04:21:17.454Z,XBTUSD,Buy,74300,29719.5,ZeroMinusTick,d3131d0c-1a16-ac50-9209-61ddb2ef4a8a,250003897,2.50003897,74300.0,Regular
2023-07-24T04:21:17.454Z,XBTUSD,Buy,100,29719.5,ZeroMinusTick,40963bd5-d5b5-35f3-d439-0509313c3f0c,336479,0.00336479,100.0,Regular
2023-07-24T04:21:17.454Z,XBTUSD,Buy,14000,29719.5,ZeroMinusTick,3245ee7a-285c-8652-81cf-4e7e9f378bdc,47107060,0.4710706,14000.0,Regular
2023-07-24T04:21:17.454Z,XBTUSD,Buy,2400,29719.5,ZeroMinusTick,ae1442ec-a719-7a83-deb3-50126bf0fbcc,8075496,0.08075496,2400.0,Regular
2023-07-24T04:21:17.454Z,XBTUSD,Buy,1700,29719.5,ZeroMinusTick,d694474d-e848-c015-6161-581756085d1f,5720143,0.05720143,1700.0,Regular
2023-07-24T04:21:17.454Z,XBTUSD,Buy,7200,29719.5,ZeroMinusTick,9f39503a-fa7d-81fc-f3c9-cd4189b085db,24226488,0.24226488,7200.0,Regular
2023-07-24T04:21:18.059Z,XBTUSD,Buy,1100,29721.5,PlusTick,857360b8-d5a4-0d2f-4ae0-570465803ad2,3701027,0.03701027,1100.0,Regular
2023-07-24T04:21:18.109Z,XBTUSD,Buy,9100,29722.0,PlusTick,b9e8d58f-9b50-d908-5bd2-240293b4c225,30617041,0.30617041,9100.0,Regular
2023-07-24T04:21:19.942Z,XBTUSD,Buy,100,29726.5,PlusTick,0765f2db-0490-83d5-ff34-cdbe3e71860a,336400,0.003364,100.0,Regular
2023-07-24T04:21:19.942Z,XBTUSD,Buy,100,29726.5,ZeroPlusTick,ee65981c-7a0d-4840-1fae-a9ed63e793ae,336400,0.003364,100.0,Regular
2023-07-24T04:21:34.504Z,XBTUSD,Sell,29800,29726.0,MinusTick,7d082062-bf0b-8a8f-05e8-f4b6c9e20c9b,100248988,1.00248988,29800.0,Regular
2023-07-24T04:21:38.923Z,XBTUSD,Sell,29800,29722.0,MinusTick,bed3c731-235b-9a8e-1847-3e3988e0dfaa,100262398,1.00262398,29800.0,Regular
2023-07-24T04:21:58.367Z,XBTUSD,Sell,300,29721.5,MinusTick,ad8f2941-1061-3c16-76dc-5e038843194e,1009371,0.01009371,300.0,Regular
2023-07-24T04:22:45.038Z,XBTUSD,Buy,1800,29722.0,PlusTick,2003e8cd-d4d3-8365-1b2b-e2c69e14f5eb,6056118,0.06056118,1800.0,Regular
2023-07-24T04:22:45.038Z,XBTUSD,Buy,100,29722.0,ZeroPlusTick,37b1ad07-d970-10fb-7cca-e4fdbe4d23f0,336451,0.00336451,100.0,Regular
2023-07-24T04:22:45.038Z,XBTUSD,Buy,100,29722.0,ZeroPlusTick,fd7693bd-6a72-c1f8-cedd-1902ccc39478,336451,0.00336451,100.0,Regular
2023-07-24T04:22:45.038Z,XBTUSD,Buy,14500,29722.0,ZeroPlusTick,ab34e3b5-376d-1f8e-a739-51212fcc658a,48785395,0.48785395,14500.0,Regular
2023-07-24T04:22:45.038Z,XBTUSD,Buy,1000,29722.0,ZeroPlusTick,85b838a6-a43f-09fb-eeed-7464da7f3001,3364510,0.0336451,1000.0,Regular
2023-07-24T04:22:45.038Z,XBTUSD,Buy,3900,29722.0,ZeroPlusTick,79d15bb5-edae-fe92-98b1-7b908b3f5ec5,13121589,0.13121589,3900.0,Regular
2023-07-24T04:22:45.038Z,XBTUSD,Buy,900,29722.0,ZeroPlusTick,370e0e25-a48c-1482-27cf-1bafd08c734b,3028059,0.03028059,900.0,Regular
2023-07-24T04:22:45.038Z,XBTUSD,Buy,200,29722.0,ZeroPlusTick,e519f204-3ddc-d251-2c88-ecb13dd2f3e7,672902,0.00672902,200.0,Regular
2023-07-24T04:22:45.038Z,XBTUSD,Buy,18300,29722.0,ZeroPlusTick,76860837-9e82-2095-4e2a-2b4940b0c286,61570533,0.61570533,18300.0,Regular
2023-07-24T04:22:59.450Z,XBTUSD,Buy,5000,29727.0,PlusTick,0fecbaa2-75e7-a6a9-6593-e15022edfc1b,16819750,0.1681975,5000.0,Regular
2023-07-24T04:22:59.450Z,XBTUSD,Buy,29700,29727.0,ZeroPlusTick,1b8ffc67-915b-2576-9e6a-d57f869e0281,99909315,0.99909315,29700.0,Regular
2023-07-24T04:22:59.450Z,XBTUSD,Buy,100,29727.0,ZeroPlusTick,284bee51-0a98-64c3-c453-3b9202ef6b98,336395,0.00336395,100.0,Regular
2023-07-24T04:22:59.450Z,XBTUSD,Buy,200,29727.0,ZeroPlusTick,a1536006-f569-5bf3-8831-eb039ac7aa54,672790,0.0067279,200.0,Regular
2023-07-24T04:22:59.450Z,XBTUSD,Buy,10900,29727.0,ZeroPlusTick,ba89f05b-f21c-32e5-745d-5e5533f4d864,36667055,0.36667055,10900.0,Regular
2023-07-24T04:22:59.474Z,XBTUSD,Buy,3300,29727.0,ZeroPlusTick,ed70c9b6-1649-7885-e4f9-54a55283be5a,11101035,0.11101035,3300.0,Regular
2023-07-24T04:22:59.474Z,XBTUSD,Buy,500,29727.0,ZeroPlusTick,42ba3175-b164-49d4-7810-0c642811ac40,1681975,0.01681975,500.0,Regular
2023-07-24T04:23:03.144Z,XBTUSD,Sell,100,29729.5,PlusTick,32c1056c-e92b-5175-e0a3-28eb0f829535,336366,0.00336366,100.0,Regular
2023-07-24T04:23:05.753Z,XBTUSD,Sell,100,29729.5,ZeroPlusTick,818237a6-a64f-e988-b86b-5495600fafcc,336366,0.00336366,100.0,Regular
2023-07-24T04:23:08.566Z,XBTUSD,Sell,100,29729.5,ZeroPlusTick,ce636c01-fec4-90e3-c91e-dd56ebca0371,336366,0.00336366,100.0,Regular
2023-07-24T04:23:09.905Z,XBTUSD,Buy,100,29730.0,PlusTick,b2b95336-27dc-3077-30a9-5501773b199f,336361,0.00336361,100.0,Regular
2023-07-24T04:23:09.905Z,XBTUSD,Buy,100,29730.0,ZeroPlusTick,a84d0152-d544-288c-e4d5-aa2a2742ca6e,336361,0.00336361,100.0,Regular
2023-07-24T04:23:09.905Z,XBTUSD,Buy,200,29730.0,ZeroPlusTick,ef90eb28-dbb6-e236-3e2e-c7b999999441,672722,0.00672722,200.0,Regular
2023-07-24T04:23:09.905Z,XBTUSD,Buy,3600,29730.0,ZeroPlusTick,83e2808e-1fc5-7e97-e651-105304b20567,12108996,0.12108996,3600.0,Regular
2023-07-24T04:23:09.905Z,XBTUSD,Buy,1000,29730.0,ZeroPlusTick,becfe83f-4410-45f0-4fe6-598027970a3c,3363610,0.0336361,1000.0,Regular
2023-07-24T04:23:09.916Z,XBTUSD,Buy,1200,29733.5,PlusTick,70a41729-2327-fef9-1afa-5b80df4e5862,4035852,0.04035852,1200.0,Regular
2023-07-24T04:23:09.968Z,XBTUSD,Buy,5000,29735.0,PlusTick,9c21378b-ed3d-182e-4b31-60b672fa60e7,16815200,0.168152,5000.0,Regular
2023-07-24T04:23:09.968Z,XBTUSD,Buy,100,29735.5,PlusTick,297d404d-9997-c531-3058-6165a3d8dc40,336298,0.00336298,100.0,Regular
