timestamp,symbol,side,size,price,tickDirection,trdMatchID,grossValue,homeNotional,foreignNotional,trdType
2023-07-27T03:59:11.197Z,XBTUSD,Buy,700,29396.5,ZeroMinusTick,9ba2f652-3072-db76-a9fb-9f1e2cfa4342,2381239,0.02381239,700.0,Regular
2023-07-27T04:00:09.586Z,XBTUSD,Sell,1000,29396.0,MinusTick,7a0bda1e-defd-fe49-860c-954a9ad3da90,3401820,0.0340182,1000.0,Regular
2023-07-27T04:00:09.586Z,XBTUSD,Sell,10900,29396.0,ZeroMinusTick,903f7c33-1e77-922f-d57e-edbf47010a23,37079838,0.37079838,10900.0,Regular
2023-07-27T04:00:09.783Z,XBTUSD,Sell,500,29396.0,ZeroMinusTick,3a1a8bc6-b821-38ab-b4e0-f7298279e586,1700910,0.0170091,500.0,Regular
2023-07-27T04:00:10.674Z,XBTUSD,Sell,500,29396.0,ZeroMinusTick,4f1d076e-0ff3-8f18-bc16-b8c082c55299,1700910,0.0170091,500.0,Regular
2023-07-27T04:00:10.882Z,XBTUSD,Sell,14100,29396.0,ZeroMinusTick,2d79afec-9a41-7e11-68bd-329284b26020,47965662,0.47965662,14100.0,Regular
2023-07-27T04:00:11.939Z,XBTUSD,Buy,600,29396.5,PlusTick,6aac6cf1-65fd-524d-eafc-d25eb84ac02f,2041062,0.02041062,600.0,Regular
2023-07-27T04:00:12.091Z,XBTUSD,Sell,11800,29396.0,MinusTick,c336cf49-9272-8e2f-aac8-e18a97501ca1,40141476,0.40141476,11800.0,Regular
2023-07-27T04:00:13.372Z,XBTUSD,Sell,4200,29396.0,ZeroMinusTick,1e65bfd8-c8e5-f586-459a-c1a4ac524a6f,14287644,0.14287644,4200.0,Regular
2023-07-27T04:00:13.372Z,XBTUSD,Sell,1000,29395.0,MinusTick,1f084aa2-651a-216f-cbdf-1580af784d97,3401940,0.0340194,1000.0,Regular
2023-07-27T04:00:13.372Z,XBTUSD,Sell,8900,29395.0,ZeroMinusTick,27ced5a6-5537-b692-2fc1-c2eae24754bc,30277266,0.30277266,8900.0,Regular
2023-07-27T04:00:14.917Z,XBTUSD,Sell,11900,29395.0,ZeroMinusTick,3847ea88-c9cb-2ddd-5fb8-b054a8cff438,40483086,0.40483086,11900.0,Regular
2023-07-27T04:00:15.204Z,XBTUSD,Sell,3600,29395.0,ZeroMinusTick,96e8627c-f4df-f152-21f4-03dbd28d04b3,12246984,0.12246984,3600.0,Regular
2023-07-27T04:00:15.884Z,XBTUSD,Sell,14100,29395.0,ZeroMinusTick,735d2960-98db-5181-2a49-77d07095c1b9,47967354,0.47967354,14100.0,Regular
2023-07-27T04:00:16.922Z,XBTUSD,Buy,29900,29395.5,PlusTick,f651628e-3907-52bf-53ee-f3e8eb2d97a7,101716212,1.01716212,29900.0,Regular
2023-07-27T04:00:16.922Z,XBTUSD,Buy,29900,29395.5,ZeroPlusTick,e5dc5730-2cb2-3922-6bf2-a6345f34640b,101716212,1.01716212,29900.0,Regular
2023-07-27T04:00:16.922Z,XBTUSD,Buy,50400,29395.5,ZeroPlusTick,459ab709-f221-7cf2-fff1-563a02630fd6,171454752,1.71454752,50400.0,Regular
2023-07-27T04:00:16.922Z,XBTUSD,Buy,42700,29395.5,ZeroPlusTick,17bf0f5d-611c-e713-cc98-3e4e8b8fa802,145260276,1.45260276,42700.0,Regular
2023-07-27T04:00:16.922Z,XBTUSD,Buy,46500,29395.5,ZeroPlusTick,67070bc3-9da1-0231-1871-d8a7e3133d73,158187420,1.5818742,46500.0,Regular
2023-07-27T04:00:16.922Z,XBTUSD,Buy,100,29395.5,ZeroPlusTick,0068b3f2-7685-6c7c-7015-3451a87784d4,340188,0.00340188,100.0,Regular
2023-07-27T04:00:16.922Z,XBTUSD,Buy,13300,29395.5,ZeroPlusTick,635af297-cd71-23ea-e3b6-110e31580dd9,45245004,0.45245004,13300.0,Regular
2023-07-27T04:00:16.922Z,XBTUSD,Buy,100,29395.5,ZeroPlusTick,8b27445e-a975-5464-ac05-a19b11eea19d,340188,0.00340188,100.0,Regular
2023-07-27T04:00:16.922Z,XBTUSD,Buy,600,29395.5,ZeroPlusTick,de0cd38e-c3fa-769d-78b2-f7455fda22fb,2041128,0.02041128,600.0,Regular
2023-07-27T04:00:16.922Z,XBTUSD,Buy,400,29395.5,ZeroPlusTick,b4686948-3a2c-bb50-e2ca-8c75c53ef623,1360752,0.01360752,400.0,Regular
2023-07-27T04:00:17.427Z,XBTUSD,Sell,11800,29396.0,PlusTick,d43fa186-0df6-69df-9783-02fec4acd8cc,40141476,0.40141476,11800.0,Regular
2023-07-27T04:00:18.387Z,XBTUSD,Sell,14100,29396.0,ZeroPlusTick,10b154f6-17c5-6a83-d111-6e1172ed4050,47965662,0.47965662,14100.0,Regular
2023-07-27T04:00:19.458Z,XBTUSD,Sell,1500,29396.0,ZeroPlusTick,9388b128-2113-64cc-d325-f82b318904fc,5102730,0.0510273,1500.0,Regular
2023-07-27T04:00:19.458Z,XBTUSD,Sell,2100,29396.0,ZeroPlusTick,b34f71b6-9eff-82f2-432b-3cfe251d688f,7143822,0.07143822,2100.0,Regular
2023-07-27T04:00:19.942Z,XBTUSD,Sell,11900,29396.0,ZeroPlusTick,e25a10f3-773d-f32e-26d8-c87ac10084f6,40481658,0.40481658,11900.0,Regular
2023-07-27T04:00:21.195Z,XBTUSD,Sell,14100,29396.0,ZeroPlusTick,456c0325-f9f1-ba48-8cd1-2b893506a99b,47965662,0.47965662,14100.0,Regular
2023-07-27T04:00:21.977Z,XBTUSD,Sell,3700,29396.0,ZeroPlusTick,db5978a9-0c18-3883-6ee4-91b1fa7c7eae,12586734,0.12586734,3700.0,Regular
2023-07-27T04:00:22.451Z,XBTUSD,Sell,10200,29396.0,ZeroPlusTick,60c7c9ae-9ac3-0b3b-e272-1cca59e8cac6,34698564,0.34698564,10200.0,Regular
2023-07-27T04:00:22.451Z,XBTUSD,Sell,1600,29396.0,ZeroPlusTick,5d11dc9a-e11a-5fb4-15f1-52c2f11b6139,5442912,0.05442912,1600.0,Regular
2023-07-27T04:00:23.696Z,XBTUSD,Sell,14200,29396.0,ZeroPlusTick,a1ea79c3-c661-bf97-51f2-9b1b2afa2dd8,48305844,0.48305844,14200.0,Regular
2023-07-27T04:00:24.477Z,XBTUSD,Sell,3600,29396.0,ZeroPlusTick,bd3d2507-221f-c3fb-9517-02f71d25d6fd,12246552,0.12246552,3600.0,Regular
2023-07-27T04:00:27.297Z,XBTUSD,Sell,3700,29396.0,ZeroPlusTick,f83f95a5-d90b-1c44-621b-e40ce15df0af,12586734,0.12586734,3700.0,Regular
2023-07-27T04:00:29.814Z,XBTUSD,Sell,3600,29396.0,ZeroPlusTick,c706f674-c1aa-9e97-2c24-c851a6848f60,12246552,0.12246552,3600.0,Regular
2023-07-27T04:00:32.872Z,XBTUSD,Sell,10000,29396.0,ZeroPlusTick,c9d185bb-16c7-ea2f-7e74-c2b00e1299ba,34018200,0.340182,10000.0,Regular
2023-07-27T04:00:44.304Z,XBTUSD,Sell,25000,29396.0,ZeroPlusTick,7a72300b-a55f-32cd-0121-d14f95b079c0,85045500,0.850455,25000.0,Regular
2023-07-27T04:00:45.049Z,XBTUSD,Sell,200,29396.0,ZeroPlusTick,e16a9a28-93f7-1a7d-4aad-91061fa70b88,680364,0.00680364,200.0,Regular
2023-07-27T04:00:46.541Z,XBTUSD,Sell,20000,29396.0,ZeroPlusTick,42b35db1-5f12-f459-ece8-2189cb564701,68036400,0.680364,20000.0,Regular
2023-07-27T04:00:51.008Z,XBTUSD,Sell,200,29396.0,ZeroPlusTick,e982ef6f-0cc3-ed81-b45f-59d9d255cb7e,680364,0.00680364,200.0,Regular
2023-07-27T04:00:58.716Z,XBTUSD,Sell,400,29396.0,ZeroPlusTick,e8e9793e-938a-56cf-2ec0-838d6fc8b02f,1360728,0.01360728,400.0,Regular
2023-07-27T04:00:58.716Z,XBTUSD,Sell,100,29396.0,ZeroPlusTick,783104df-8d7c-8ad3-a687-67e115ea93da,340182,0.00340182,100.0,Regular
2023-07-27T04:00:59.632Z,XBTUSD,Sell,500,29396.0,ZeroPlusTick,ab68de0f-8f8b-b9de-6fd3-d472049397d6,1700910,0.0170091,500.0,Regular
2023-07-27T04:01:13.696Z,XBTUSD,Buy,100,29396.5,PlusTick,5c49f4d0-bf55-9e57-d619-ad456dae6215,340177,0.00340177,100.0,Regular
2023-07-27T04:01:18.905Z,XBTUSD,Buy,100,29396.5,ZeroPlusTick,6672e04f-87b4-74ee-9b73-a23a05b4f5b2,340177,0.00340177,100.0,Regular
2023-07-27T04:01:21.938Z,XBTUSD,Sell,2700,29396.0,MinusTick,c183dc85-472e-e1c3-6004-cb32b6aac273,9184914,0.09184914,2700.0,Regular
2023-07-27T04:01:21.938Z,XBTUSD,Sell,36500,29396.0,ZeroMinusTick,131e39b7-d3c6-ad77-32dc-50cd3bb25279,124166430,1.2416643,36500.0,Regular
2023-07-27T04:01:21.938Z,XBTUSD,Sell,20600,29396.0,ZeroMinusTick,ea107356-1476-9b69-e562-57b1fea541e8,70077492,0.70077492,20600.0,Regular
2023-07-27T04:01:21.938Z,XBTUSD,Sell,1100,29396.0,ZeroMinusTick,896eb236-672e-0612-8cc8-51e37e0063d6,3742002,0.03742002,1100.0,Regular
2023-07-27T04:02:27.154Z,XBTUSD,Sell,500,29396.0,ZeroMinusTick,20845999-561c-0229-2a83-5348e8802d71,1700910,0.0170091,500.0,Regular
2023-07-27T04:02:33.108Z,XBTUSD,Buy,19200,29396.5,PlusTick,6227f995-fa39-9f97-f184-d0f43c81d7be,65313984,0.65313984,19200.0,Regular
2023-07-27T04:02:33.108Z,XBTUSD,Buy,195300,29396.5,ZeroPlusTick,43ef48c0-6e3a-2fc9-1798-be603ce16bff,664365681,6.64365681,195300.0,Regular
2023-07-27T04:02:33.108Z,XBTUSD,Buy,15900,29396.5,ZeroPlusTick,85f47529-6c05-1261-e97c-c5074dc08f36,54088143,0.54088143,15900.0,Regular
2023-07-27T04:02:33.131Z,XBTUSD,Buy,2700,29396.5,ZeroPlusTick,d97a88c5-e0c2-2dd6-bd47-e297964e83e4,9184779,0.09184779,2700.0,Regular
2023-07-27T04:02:33.131Z,XBTUSD,Buy,1600,29396.5,ZeroPlusTick,94a668bf-d59b-8f82-501e-a068cd834633,5442832,0.05442832,1600.0,Regular
2023-07-27T04:02:33.131Z,XBTUSD,Buy,400,29396.5,ZeroPlusTick,6346bba2-2335-9f0b-4540-03902802c9c7,1360708,0.01360708,400.0,Regular
2023-07-27T04:02:33.131Z,XBTUSD,Buy,100,29396.5,ZeroPlusTick,27aead52-c716-a8a9-05b8-8b44d1e5b7ac,340177,0.00340177,100.0,Regular
2023-07-27T04:02:33.131Z,XBTUSD,Buy,2500,29396.5,ZeroPlusTick,da29b9ed-3fef-4ef2-2e09-17c816b41e8a,8504425,0.08504425,2500.0,Regular
2023-07-27T04:02:33.131Z,XBTUSD,Buy,100,29396.5,ZeroPlusTick,654d2df7-06ff-5eff-216b-fc285bc66a1f,340177,0.00340177,100.0,Regular
2023-07-27T04:02:33.131Z,XBTUSD,Buy,43700,29396.5,ZeroPlusTick,dcfb9999-3a13-7921-4d23-4621581b9818,148657349,1.48657349,43700.0,Regular
2023-07-27T04:02:33.131Z,XBTUSD,Buy,4300,29396.5,ZeroPlusTick,32a51da9-2253-c4ba-ff73-c9398510cc2c,14627611,0.14627611,4300.0,Regular
2023-07-27T04:02:33.131Z,XBTUSD,Buy,4000,29396.5,ZeroPlusTick,6ca74540-49de-9245-cb9a-23cd7d1e99fa,13607080,0.1360708,4000.0,Regular
2023-07-27T04:02:33.131Z,XBTUSD,Buy,20800,29396.5,ZeroPlusTick,94df784c-9f5e-956a-1849-40b27d815f58,70756816,0.70756816,20800.0,Regular
2023-07-27T04:02:33.131Z,XBTUSD,Buy,114800,29396.5,ZeroPlusTick,23b98413-8090-fe72-d95a-301580e18ef1,390523196,3.90523196,114800.0,Regular
2023-07-27T04:02:33.148Z,XBTUSD,Buy,47200,29396.5,ZeroPlusTick,bf3a60cb-0eae-51b0-8248-f2536e64b8f1,160563544,1.60563544,47200.0,Regular
2023-07-27T04:02:33.243Z,XBTUSD,Buy,3000,29396.5,ZeroPlusTick,5a208894-0ac7-1295-02f8-2b984a43baed,10205310,0.1020531,3000.0,Regular
2023-07-27T04:02:33.243Z,XBTUSD,Buy,30500,29396.5,ZeroPlusTick,3e872077-db49-3a62-951b-fd2cd9702efb,103753985,1.03753985,30500.0,Regular
2023-07-27T04:02:33.267Z,XBTUSD,Buy,1200,29396.5,ZeroPlusTick,43d42dfc-36ba-2d22-2c2f-b6e2e5f8ed6f,4082124,0.04082124,1200.0,Regular
2023-07-27T04:02:38.059Z,XBTUSD,Buy,100,29396.5,ZeroPlusTick,a17f4ea4-d5f2-ce7c-9d43-2d6dc251dc5d,340177,0.00340177,100.0,Regular
2023-07-27T04:02:40.379Z,XBTUSD,Buy,100,29396.5,ZeroPlusTick,b182414d-5083-195c-e50c-d501a1c951c4,340177,0.00340177,100.0,Regular
2023-07-27T04:02:43.408Z,XBTUSD,Buy,100,29396.5,ZeroPlusTick,e58bd15d-298c-003d-3c29-ec393f7135a4,340177,0.00340177,100.0,Regular
2023-07-27T04:02:46.771Z,XBTUSD,Buy,100,29396.5,ZeroPlusTick,55805d27-9e74-82e3-9fc8-8686b74b4c0d,340177,0.00340177,100.0,Regular
2023-07-27T04:02:56.217Z,XBTUSD,Buy,10000,29396.5,ZeroPlusTick,eb06e636-7983-f0ed-b62d-67b6fc307746,34017700,0.340177,10000.0,Regular
2023-07-27T04:03:09.846Z,XBTUSD,Buy,100,29396.5,ZeroPlusTick,da2a6b68-2c2e-5942-8581-68813ee415b9,340177,0.00340177,100.0,Regular
2023-07-27T04:03:32.593Z,XBTUSD,Buy,41200,29396.5,ZeroPlusTick,5735e9d6-db7d-1d6a-1645-204f71bdfcaf,140152924,1.40152924,41200.0,Regular
2023-07-27T04:03:32.605Z,XBTUSD,Buy,32600,29396.5,ZeroPlusTick,ba2f2f80-14e8-a02b-5b0b-ef2c2eaea3f6,110897702,1.10897702,32600.0,Regular
2023-07-27T04:03:32.905Z,XBTUSD,Buy,46400,29396.5,ZeroPlusTick,0262e682-4846-2e30-6bc1-b5ecbdc66a01,157842128,1.57842128,46400.0,Regular
2023-07-27T04:03:32.905Z,XBTUSD,Buy,10700,29396.5,ZeroPlusTick,2ffe01ba-457f-35db-60e9-a921f450f959,36398939,0.36398939,10700.0,Regular
2023-07-27T04:03:32.936Z,XBTUSD,Buy,18500,29396.5,ZeroPlusTick,c24ab27a-ae69-e6a2-e8ae-8c7586355052,62932745,0.62932745,18500.0,Regular
2023-07-27T04:03:32.936Z,XBTUSD,Buy,2700,29396.5,ZeroPlusTick,ea8d1f05-d363-26b8-ea0a-79ea8b8081a3,9184779,0.09184779,2700.0,Regular
2023-07-27T04:03:32.936Z,XBTUSD,Buy,100,29396.5,ZeroPlusTick,6f302d24-fe9f-b182-ad80-013f01b022b1,340177,0.00340177,100.0,Regular
2023-07-27T04:03:32.936Z,XBTUSD,Buy,10600,29396.5,ZeroPlusTick,a7697cea-87de-c750-3491-e5955ed57e78,36058762,0.36058762,10600.0,Regular
2023-07-27T04:03:32.936Z,XBTUSD,Buy,100,29396.5,ZeroPlusTick,41893ca0-eae4-94bc-d2aa-17f37f0ccf0e,340177,0.00340177,100.0,Regular
2023-07-27T04:03:32.936Z,XBTUSD,Buy,3300,29396.5,ZeroPlusTick,9bd0080c-de95-a377-abc2-a4c899c0c0ce,11225841,0.11225841,3300.0,Regular
2023-07-27T04:03:32.936Z,XBTUSD,Buy,12600,29396.5,ZeroPlusTick,473bee3d-1625-3fbb-28ab-c65faf76d611,42862302,0.42862302,12600.0,Regular
2023-07-27T04:03:32.936Z,XBTUSD,Buy,17100,29396.5,ZeroPlusTick,b21fcde6-39b4-2404-84f0-f674bf723c5b,58170267,0.58170267,17100.0,Regular
2023-07-27T04:03:32.936Z,XBTUSD,Buy,500,29396.5,ZeroPlusTick,bf57966d-34c5-fd85-59f0-9682f9a71b3b,1700885,0.01700885,500.0,Regular
2023-07-27T04:03:32.936Z,XBTUSD,Buy,100,29396.5,ZeroPlusTick,d3d5bdb7-12b2-dccd-5acc-e19608a969e6,340177,0.00340177,100.0,Regular
2023-07-27T04:03:32.936Z,XBTUSD,Buy,100,29396.5,ZeroPlusTick,a03a2de6-6d40-6e3a-2a00-f658d29adcfd,340177,0.00340177,100.0,Regular
2023-07-27T04:03:32.936Z,XBTUSD,Buy,1100,29396.5,ZeroPlusTick,abcd6a11-f531-ae53-0dd3-313cc88f4d6f,3741947,0.03741947,1100.0,Regular
2023-07-27T04:03:32.936Z,XBTUSD,Buy,100,29396.5,ZeroPlusTick,77d88918-ad56-fa5e-849f-61a20e095c5f,340177,0.00340177,100.0,Regular
2023-07-27T04:03:33.587Z,XBTUSD,Sell,100,29396.0,MinusTick,c3441541-7f11-76b7-9344-1cc4bea4f996,340182,0.00340182,100.0,Regular
2023-07-27T04:03:36.278Z,XBTUSD,Buy,4100,29396.5,PlusTick,36519348-a137-e6bb-9e7e-469aa7d4b410,13947257,0.13947257,4100.0,Regular
2023-07-27T04:03:36.282Z,XBTUSD,Buy,4100,29396.5,ZeroPlusTick,f0b8ed4f-fc97-e24c-8b99-c8d52e27665a,13947257,0.13947257,4100.0,Regular
2023-07-27T04:03:36.284Z,XBTUSD,Buy,1200,29396.5,ZeroPlusTick,3059020a-1102-2b91-cf63-48c041cb6baf,4082124,0.04082124,1200.0,Regular
2023-07-27T04:03:36.284Z,XBTUSD,Buy,400,29396.5,ZeroPlusTick,b9655a8f-a397-dece-e010-eb09a6af15b6,1360708,0.01360708,400.0,Regular
2023-07-27T04:03:36.284Z,XBTUSD,Buy,100,29396.5,ZeroPlusTick,824c3584-dea4-7370-634e-bf1938bec63e,340177,0.00340177,100.0,Regular
2023-07-27T04:03:36.284Z,XBTUSD,Buy,100,29396.5,ZeroPlusTick,07d7bc2d-6e50-85a5-6f71-59cdc7e2dfa6,340177,0.00340177,100.0,Regular
2023-07-27T04:03:36.284Z,XBTUSD,Buy,100,29396.5,ZeroPlusTick,57674d55-7953-b7aa-3248-2d258d52c2ef,340177,0.00340177,100.0,Regular
2023-07-27T04:03:36.284Z,XBTUSD,Buy,2200,29396.5,ZeroPlusTick,e46d8a8b-ecc5-d962-ee7f-b8e9bc443a94,7483894,0.07483894,2200.0,Regular
2023-07-27T04:03:36.289Z,XBTUSD,Buy,1900,29396.5,ZeroPlusTick,1cc3949b-e3ab-936f-86fe-0ecb155dae67,6463363,0.06463363,1900.0,Regular
2023-07-27T04:03:50.388Z,XBTUSD,Buy,100,29400.0,PlusTick,5de1ce4c-2919-bec9-b650-41cac90376f6,340136,0.00340136,100.0,Regular
2023-07-27T04:03:50.388Z,XBTUSD,Buy,3000,29400.0,ZeroPlusTick,fb3a7de8-7a11-4c36-53e2-5288bc704328,10204080,0.1020408,3000.0,Regular
2023-07-27T04:03:50.388Z,XBTUSD,Buy,100,29400.0,ZeroPlusTick,e9e06180-c61d-7f4e-a6af-82ea0d50997b,340136,0.00340136,100.0,Regular
2023-07-27T04:03:50.388Z,XBTUSD,Buy,200,29400.0,ZeroPlusTick,4ec20a46-5c22-d39f-1e1a-0d65d0667d1c,680272,0.00680272,200.0,Regular
2023-07-27T04:03:50.388Z,XBTUSD,Buy,2400,29400.0,ZeroPlusTick,2c084638-fdb1-c884-4ecf-c615424d1d99,8163264,0.08163264,2400.0,Regular
2023-07-27T04:03:50.388Z,XBTUSD,Buy,100,29400.0,ZeroPlusTick,90692d29-3872-d489-7e1e-2edfbf1a9db7,340136,0.00340136,100.0,Regular
2023-07-27T04:03:50.388Z,XBTUSD,Buy,200,29400.0,ZeroPlusTick,109e4a1d-58cc-ee0a-e916-246cf016eea0,680272,0.00680272,200.0,Regular
2023-07-27T04:03:50.389Z,XBTUSD,Sell,100,29399.5,MinusTick,7b3fb7b2-51a2-597b-bff0-510c44a2cee2,340142,0.00340142,100.0,Regular
2023-07-27T04:03:50.670Z,XBTUSD,Buy,100,29405.5,PlusTick,08b24543-dff4-ac75-95b0-7e29d12f0f27,340072,0.00340072,100.0,Regular
2023-07-27T04:04:44.756Z,XBTUSD,Buy,100,29405.5,ZeroPlusTick,b3ee2e0f-9794-f660-bffa-762d7fbe183c,340072,0.00340072,100.0,Regular
2023-07-27T04:05:20.940Z,XBTUSD,Sell,20000,29405.0,MinusTick,ee245155-fec2-dee2-846d-2e1dce86d857,68015600,0.680156,20000.0,Regular
2023-07-27T04:07:43.519Z,XBTUSD,Buy,100,29405.5,PlusTick,a040f269-962b-4c14-a0b4-f04ef83de36b,340072,0.00340072,100.0,Regular
2023-07-27T04:07:43.519Z,XBTUSD,Buy,9000,29405.5,ZeroPlusTick,1c5fa21c-c571-4e1b-af85-2523efbf9449,30606480,0.3060648,9000.0,Regular
2023-07-27T04:07:43.519Z,XBTUSD,Buy,300,29405.5,ZeroPlusTick,67798781-e74e-e039-88f3-f1052b607f20,1020216,0.01020216,300.0,Regular
2023-07-27T04:07:43.519Z,XBTUSD,Buy,100,29405.5,ZeroPlusTick,531271c7-5a86-ad6f-289d-768e6631650d,340072,0.00340072,100.0,Regular
2023-07-27T04:07:43.519Z,XBTUSD,Buy,300,29405.5,ZeroPlusTick,0a7fca9e-b17c-68c8-3480-3a0c7f6ad714,1020216,0.01020216,300.0,Regular
2023-07-27T04:07:43.519Z,XBTUSD,Buy,2600,29405.5,ZeroPlusTick,e6241583-2089-5e9f-22a4-7f8749bcfd5c,8841872,0.08841872,2600.0,Regular
2023-07-27T04:07:43.519Z,XBTUSD,Buy,200,29405.5,ZeroPlusTick,e4f934c0-f6a2-c849-8275-742f627133e0,680144,0.00680144,200.0,Regular
2023-07-27T04:07:43.519Z,XBTUSD,Buy,6500,29405.5,ZeroPlusTick,e65aafbf-046b-3f8d-37a2-f8ca94d8650f,22104680,0.2210468,6500.0,Regular
2023-07-27T04:07:43.519Z,XBTUSD,Buy,100,29405.5,ZeroPlusTick,cd52ec92-8c29-7b0b-7e5a-5438c9c6ee60,340072,0.00340072,100.0,Regular
2023-07-27T04:07:43.519Z,XBTUSD,Buy,100,29405.5,ZeroPlusTick,aa2d64c1-b9f7-b1c8-5a0c-b04d2abc664e,340072,0.00340072,100.0,Regular
2023-07-27T04:07:45.691Z,XBTUSD,Buy,700,29407.5,PlusTick,539b6a43-8764-3e68-d97e-75c76c15cad9,2380343,0.02380343,700.0,Regular
2023-07-27T04:07:51.091Z,XBTUSD,Buy,100,29407.5,ZeroPlusTick,7f23e860-39e4-14c2-8ff1-de105ed58938,340049,0.00340049,100.0,Regular
2023-07-27T04:07:52.894Z,XBTUSD,Buy,100,29407.5,ZeroPlusTick,ae9aa764-bc0e-5547-3c2d-a44acc8e8105,340049,0.00340049,100.0,Regular
2023-07-27T04:07:54.770Z,XBTUSD,Buy,100,29407.5,ZeroPlusTick,15785ef3-9266-d53c-9b1a-a64c9cce67f2,340049,0.00340049,100.0,Regular
2023-07-27T04:08:14.178Z,XBTUSD,Buy,600,29407.5,ZeroPlusTick,6079b5dd-0155-ee2a-a6f7-aff838dffe87,2040294,0.02040294,600.0,Regular
2023-07-27T04:11:10.313Z,XBTUSD,Buy,400,29407.5,ZeroPlusTick,cbac3d81-26b3-ed74-558f-1c8ec439714b,1360196,0.01360196,400.0,Regular
2023-07-27T04:11:10.339Z,XBTUSD,Buy,4900,29407.5,ZeroPlusTick,9a564962-9461-25af-090e-9edd9df39a28,16662401,0.16662401,4900.0,Regular
2023-07-27T04:11:10.373Z,XBTUSD,Buy,39100,29407.5,ZeroPlusTick,c6e77817-75b2-a33c-3802-189c84320ca8,132959159,1.32959159,39100.0,Regular
2023-07-27T04:11:10.393Z,XBTUSD,Buy,6600,29407.5,ZeroPlusTick,1347dd5c-5173-39a6-d542-c3713c40bfb6,22443234,0.22443234,6600.0,Regular
2023-07-27T04:11:10.393Z,XBTUSD,Buy,100,29407.5,ZeroPlusTick,1b8d83a4-148c-d190-0165-8652c9fca78a,340049,0.00340049,100.0,Regular
2023-07-27T04:11:10.393Z,XBTUSD,Buy,100,29407.5,ZeroPlusTick,8d100cfd-7eff-22d8-eb4f-b0549c811c36,340049,0.00340049,100.0,Regular
2023-07-27T04:11:10.393Z,XBTUSD,Buy,100,29407.5,ZeroPlusTick,b33e4221-89ad-98e2-08c2-1a8329027ce5,340049,0.00340049,100.0,Regular
2023-07-27T04:11:10.393Z,XBTUSD,Buy,1900,29407.5,ZeroPlusTick,1b18d029-08eb-c4a7-1ea9-fa26ed4d2dfb,6460931,0.06460931,1900.0,Regular
2023-07-27T04:11:10.413Z,XBTUSD,Buy,100400,29407.5,ZeroPlusTick,de51e989-dd58-270c-8c49-cb39285c1eeb,341409196,3.41409196,100400.0,Regular
2023-07-27T04:11:10.413Z,XBTUSD,Buy,100,29407.5,ZeroPlusTick,b3d0e76f-3f43-605a-0277-805018cf7b37,340049,0.00340049,100.0,Regular
2023-07-27T04:11:10.413Z,XBTUSD,Buy,100,29407.5,ZeroPlusTick,2f68dc1e-91a1-8887-ed3f-302870f424c8,340049,0.00340049,100.0,Regular
2023-07-27T04:11:10.413Z,XBTUSD,Buy,900,29407.5,ZeroPlusTick,8e146f6d-8383-6dc3-95f0-70b5ae102dd9,3060441,0.03060441,900.0,Regular
2023-07-27T04:11:10.420Z,XBTUSD,Buy,76200,29407.5,ZeroPlusTick,53c62ecf-27e9-42dd-a8bc-f05489244053,259117338,2.59117338,76200.0,Regular
2023-07-27T04:11:10.420Z,XBTUSD,Buy,100,29407.5,ZeroPlusTick,a1142a55-5982-30bd-7a17-bac8edd5025f,340049,0.00340049,100.0,Regular
2023-07-27T04:11:10.420Z,XBTUSD,Buy,5100,29407.5,ZeroPlusTick,82ae0d89-614f-edbb-3e84-84b12d5d2679,17342499,0.17342499,5100.0,Regular
2023-07-27T04:11:10.420Z,XBTUSD,Buy,4600,29407.5,ZeroPlusTick,6290b974-3704-3834-d882-d02ca8f4c57e,15642254,0.15642254,4600.0,Regular
2023-07-27T04:11:10.449Z,XBTUSD,Buy,25300,29407.5,ZeroPlusTick,89e85b0d-8925-d3c5-ae70-13dbafd462fa,86032397,0.86032397,25300.0,Regular
2023-07-27T04:11:10.449Z,XBTUSD,Buy,100,29407.5,ZeroPlusTick,a26fc64d-0a69-74d3-c9ad-7326a96173ec,340049,0.00340049,100.0,Regular
2023-07-27T04:11:10.449Z,XBTUSD,Buy,400,29407.5,ZeroPlusTick,8beadbc0-4268-34cf-0be1-1ea9127230b2,1360196,0.01360196,400.0,Regular
2023-07-27T04:11:10.449Z,XBTUSD,Buy,100,29407.5,ZeroPlusTick,6fcf1675-044c-8aca-3912-a6f4b15c562a,340049,0.00340049,100.0,Regular
2023-07-27T04:11:10.449Z,XBTUSD,Buy,100,29407.5,ZeroPlusTick,51624847-c5f8-6ad4-90b6-afe753b199ee,340049,0.00340049,100.0,Regular
2023-07-27T04:11:10.449Z,XBTUSD,Buy,27400,29408.0,PlusTick,144e726f-f40e-5a5c-b279-c8bfbbb7205d,93172056,0.93172056,27400.0,Regular
2023-07-27T04:11:49.478Z,XBTUSD,Buy,100,29408.0,ZeroPlusTick,a99a6bfc-9eb2-8a42-da2f-fe782fc1b7a5,340044,0.00340044,100.0,Regular
2023-07-27T04:11:49.478Z,XBTUSD,Buy,100,29408.0,ZeroPlusTick,d4454f2c-4fff-e2f9-dd75-b0b62f89257b,340044,0.00340044,100.0,Regular
2023-07-27T04:11:49.478Z,XBTUSD,Buy,100,29408.0,ZeroPlusTick,0fd93bb9-5d14-aa6e-ae06-376cf8affc90,340044,0.00340044,100.0,Regular
2023-07-27T04:11:49.478Z,XBTUSD,Buy,79400,29408.0,ZeroPlusTick,55cf6774-e438-0800-3258-f2c4404b46e7,269994936,2.69994936,79400.0,Regular
2023-07-27T04:11:49.482Z,XBTUSD,Buy,4300,29408.0,ZeroPlusTick,bd1ebefd-e481-65fb-b1f7-8f7bfcf077ab,14621892,0.14621892,4300.0,Regular
2023-07-27T04:11:49.482Z,XBTUSD,Buy,500,29408.5,PlusTick,c77a8289-600a-0be7-b99f-1441a9828973,1700190,0.0170019,500.0,Regular
2023-07-27T04:11:49.482Z,XBTUSD,Buy,100,29408.5,ZeroPlusTick,ae36e797-43ce-eb7e-f4d5-1394e6cc63b3,340038,0.00340038,100.0,Regular
2023-07-27T04:11:49.482Z,XBTUSD,Buy,5900,29408.5,ZeroPlusTick,a3262297-37dd-2382-cc35-9c6582d465b6,20062242,0.20062242,5900.0,Regular
2023-07-27T04:11:49.482Z,XBTUSD,Buy,6700,29409.0,PlusTick,6603bed8-3e2e-d12c-4f68-fd6b633f0db4,22782144,0.22782144,6700.0,Regular
2023-07-27T04:11:49.486Z,XBTUSD,Buy,100,29410.0,PlusTick,6b52285b-c83b-1564-2375-09105b3d26dc,340020,0.0034002,100.0,Regular
2023-07-27T04:12:44.162Z,XBTUSD,Buy,3000,29410.5,PlusTick,40790b7b-949c-482a-8d87-f11c1115b386,10200450,0.1020045,3000.0,Regular
2023-07-27T04:12:44.162Z,XBTUSD,Buy,100,29410.5,ZeroPlusTick,8b60beff-3933-e910-54b2-d58f51c0e7d7,340015,0.00340015,100.0,Regular
2023-07-27T04:12:44.162Z,XBTUSD,Buy,38800,29410.5,ZeroPlusTick,4a70e1ce-f287-13e4-77c6-7eb086b456c4,131925820,1.3192582,38800.0,Regular
2023-07-27T04:12:51.221Z,XBTUSD,Buy,44200,29410.5,ZeroPlusTick,1de0b857-a61b-0d06-6e45-d1fcf8cd2245,150286630,1.5028663,44200.0,Regular
2023-07-27T04:15:14.943Z,XBTUSD,Buy,200,29413.0,PlusTick,46620064-c51c-5d07-8ef6-8e8d46e865f3,679972,0.00679972,200.0,Regular
2023-07-27T04:15:14.943Z,XBTUSD,Buy,100,29413.0,ZeroPlusTick,97fd46f4-fbc8-021a-16b6-9e5413227aa3,339986,0.00339986,100.0,Regular
2023-07-27T04:16:49.233Z,XBTUSD,Buy,100,29418.5,PlusTick,bce6f885-73b2-c2e9-4f75-244cb373a1fe,339922,0.00339922,100.0,Regular
2023-07-27T04:16:49.233Z,XBTUSD,Buy,100,29418.5,ZeroPlusTick,283afc2a-473c-fff0-2950-d6605e53b89f,339922,0.00339922,100.0,Regular
2023-07-27T04:16:49.233Z,XBTUSD,Buy,100,29418.5,ZeroPlusTick,64d71839-25be-f144-b8c4-0ef7b9fda15b,339922,0.00339922,100.0,Regular
2023-07-27T04:17:02.158Z,XBTUSD,Buy,600,29418.5,ZeroPlusTick,000a3c12-6451-004c-ffc9-49360af0d07e,2039532,0.02039532,600.0,Regular
2023-07-27T04:17:02.158Z,XBTUSD,Buy,100,29418.5,ZeroPlusTick,9af6ef21-0d6e-90a2-cb35-34c0aa6f0771,339922,0.00339922,100.0,Regular
2023-07-27T04:17:06.556Z,XBTUSD,Buy,100,29420.0,PlusTick,618f2837-f76a-6b4a-911e-00d5b150fa86,339905,0.00339905,100.0,Regular
2023-07-27T04:17:06.556Z,XBTUSD,Buy,100,29420.0,ZeroPlusTick,b5a5b174-b95c-bdb8-53bd-585767f54ebb,339905,0.00339905,100.0,Regular
2023-07-27T04:17:33.232Z,XBTUSD,Buy,5000,29421.0,PlusTick,3b9dd8c2-4e4d-9af9-8fa7-136eeb8b9862,16994650,0.1699465,5000.0,Regular
2023-07-27T04:17:59.729Z,XBTUSD,Buy,100,29421.5,PlusTick,ac835abe-7c5b-0a33-eaa2-7bfa40fe3d09,339887,0.00339887,100.0,Regular
2023-07-27T04:17:59.729Z,XBTUSD,Buy,5000,29424.0,PlusTick,be2051a7-3575-6f35-8e27-e9b89150b505,16992950,0.1699295,5000.0,Regular
2023-07-27T04:17:59.729Z,XBTUSD,Buy,500,29425.0,PlusTick,2dde8c8f-30d2-a4a3-050c-3daf4b59548c,1699235,0.01699235,500.0,Regular
2023-07-27T04:17:59.729Z,XBTUSD,Buy,10000,29425.0,ZeroPlusTick,bd6c4e31-96c1-2768-bda0-cfc33b1ea7fa,33984700,0.339847,10000.0,Regular
2023-07-27T04:17:59.729Z,XBTUSD,Buy,18600,29425.0,ZeroPlusTick,96c0f32c-2d3b-10ad-f500-eb14d15a0326,63211542,0.63211542,18600.0,Regular
2023-07-27T04:18:05.261Z,XBTUSD,Buy,29400,29425.5,PlusTick,e54925a5-a5b6-36e0-db45-4eb39ae878e9,99913254,0.99913254,29400.0,Regular
2023-07-27T04:18:05.261Z,XBTUSD,Buy,1000,29425.5,ZeroPlusTick,4fdf5da7-92a2-d878-f5f6-016f3657945b,3398410,0.0339841,1000.0,Regular
2023-07-27T04:18:05.261Z,XBTUSD,Buy,5000,29425.5,ZeroPlusTick,b448520e-3408-4b33-38dc-d741c0231e0e,16992050,0.1699205,5000.0,Regular
2023-07-27T04:18:07.494Z,XBTUSD,Sell,100,29427.0,PlusTick,7eb2c004-8c74-9228-c6e4-90c6e2c1f287,339824,0.00339824,100.0,Regular
2023-07-27T04:18:07.658Z,XBTUSD,Sell,800,29427.0,ZeroPlusTick,bc816152-6f01-3289-52f0-fa930486ee9e,2718592,0.02718592,800.0,Regular
2023-07-27T04:18:08.700Z,XBTUSD,Sell,100,29427.0,ZeroPlusTick,f74ebf64-b36c-7df8-a0ff-1974dabf6d3a,339824,0.00339824,100.0,Regular
2023-07-27T04:18:09.734Z,XBTUSD,Sell,200,29427.0,ZeroPlusTick,82fecc89-e420-7071-27e5-abd4384f20aa,679648,0.00679648,200.0,Regular
2023-07-27T04:18:20.705Z,XBTUSD,Buy,1000,29427.5,PlusTick,1b4a965a-b39c-0204-4afe-ecf729de0e72,3398180,0.0339818,1000.0,Regular
2023-07-27T04:18:47.842Z,XBTUSD,Buy,4000,29427.5,ZeroPlusTick,84b34228-a449-a5c2-8e0c-62bc9ad4fed1,13592720,0.1359272,4000.0,Regular
2023-07-27T04:18:52.433Z,XBTUSD,Buy,5800,29428.0,PlusTick,0e5dd727-b600-f35c-6f16-24e6e25c32d9,19709096,0.19709096,5800.0,Regular
2023-07-27T04:18:52.433Z,XBTUSD,Buy,1000,29428.0,ZeroPlusTick,c9d854b7-52ce-f9eb-2a21-8b40cb11202e,3398120,0.0339812,1000.0,Regular
2023-07-27T04:18:52.433Z,XBTUSD,Buy,29900,29428.0,ZeroPlusTick,8c1a890f-a398-3689-3a4c-e9af0cd8f783,101603788,1.01603788,29900.0,Regular
2023-07-27T04:18:52.433Z,XBTUSD,Buy,100,29428.5,PlusTick,afe08a73-064c-0b4e-96a3-b073c137369f,339807,0.00339807,100.0,Regular
2023-07-27T04:18:54.273Z,XBTUSD,Buy,500,29429.0,PlusTick,d1e337a0-dd5d-e235-a201-139468e8308a,1699005,0.01699005,500.0,Regular
2023-07-27T04:19:13.425Z,XBTUSD,Buy,29900,29429.5,PlusTick,4f0d9006-fff0-aa39-570d-6e4a6137a587,101598705,1.01598705,29900.0,Regular
2023-07-27T04:19:13.425Z,XBTUSD,Buy,100,29429.5,ZeroPlusTick,fad7a99c-55e9-d59d-e163-bce466fc24ea,339795,0.00339795,100.0,Regular
2023-07-27T04:19:13.425Z,XBTUSD,Buy,100,29430.0,PlusTick,4edfcbc9-b261-5778-f570-84bd6565063f,339789,0.00339789,100.0,Regular
2023-07-27T04:19:13.425Z,XBTUSD,Buy,800,29430.0,ZeroPlusTick,966c5ea4-b90e-1b6e-a34d-cbb5fbd85ffe,2718312,0.02718312,800.0,Regular
2023-07-27T04:19:13.436Z,XBTUSD,Buy,5000,29430.5,PlusTick,095a4219-e9a7-497c-8a47-30183e45cc31,16989200,0.169892,5000.0,Regular
2023-07-27T04:19:13.436Z,XBTUSD,Buy,800,29430.5,ZeroPlusTick,06ab513a-e428-5097-394e-b5300b13981f,2718272,0.02718272,800.0,Regular
2023-07-27T04:19:13.436Z,XBTUSD,Buy,6700,29431.0,PlusTick,ec0ad290-fbf6-f497-6fd3-c5e485b084fa,22765126,0.22765126,6700.0,Regular
2023-07-27T04:19:13.436Z,XBTUSD,Buy,6600,29431.0,ZeroPlusTick,a2c13081-1bff-018a-9e4f-4973715bcaa6,22425348,0.22425348,6600.0,Regular
2023-07-27T04:19:13.436Z,XBTUSD,Buy,7600,29431.0,ZeroPlusTick,2e8fe249-7d6b-c8cb-63ec-b53e750e31fb,25823128,0.25823128,7600.0,Regular
2023-07-27T04:19:13.446Z,XBTUSD,Buy,3000,29430.5,MinusTick,08a767cf-5685-0a29-c05c-19ea9fa0672b,10193520,0.1019352,3000.0,Regular
2023-07-27T04:19:13.446Z,XBTUSD,Buy,5600,29431.0,PlusTick,29c54d41-edfe-1131-36ae-cfd4e47a94d4,19027568,0.19027568,5600.0,Regular
2023-07-27T04:19:13.446Z,XBTUSD,Buy,15500,29431.0,ZeroPlusTick,19efbfe8-90af-415e-ab7e-f4bba8873f8c,52665590,0.5266559,15500.0,Regular
2023-07-27T04:19:13.446Z,XBTUSD,Buy,2100,29431.5,PlusTick,4a77dd5f-62a8-c2f0-638b-a5152fcf7d38,7135212,0.07135212,2100.0,Regular
2023-07-27T04:19:36.721Z,XBTUSD,Buy,100,29432.0,PlusTick,5e398cd9-83b3-9a1a-b1fa-e2039deeb4c6,339766,0.00339766,100.0,Regular
2023-07-27T04:19:42.227Z,XBTUSD,Buy,500,29432.5,PlusTick,6face7ff-5455-7740-9cd1-2af12f4097ae,1698800,0.016988,500.0,Regular
2023-07-27T04:20:04.593Z,XBTUSD,Buy,500,29432.5,ZeroPlusTick,acc31d17-5169-7b0d-0e45-7dc44d85dfee,1698800,0.016988,500.0,Regular
2023-07-27T04:20:06.008Z,XBTUSD,Sell,100,29436.5,PlusTick,1647c89e-5446-22d7-c605-83b631051605,339714,0.00339714,100.0,Regular
2023-07-27T04:20:17.947Z,XBTUSD,Sell,100,29437.0,PlusTick,1bc6e4ce-8077-ac41-698e-4124a257b593,339709,0.00339709,100.0,Regular
2023-07-27T04:20:32.879Z,XBTUSD,Buy,20000,29437.5,PlusTick,f1f506ec-1fce-68bc-3c27-cc4b5de3f440,67940600,0.679406,20000.0,Regular
2023-07-27T04:20:48.225Z,XBTUSD,Buy,1100,29437.5,ZeroPlusTick,a67b30b0-fe2a-9b99-5605-f693af3a8c66,3736733,0.03736733,1100.0,Regular
2023-07-27T04:22:06.294Z,XBTUSD,Buy,8900,29437.5,ZeroPlusTick,9868c0b0-cc76-dbd4-7a04-87e1c1e271e8,30233567,0.30233567,8900.0,Regular
2023-07-27T04:22:06.294Z,XBTUSD,Buy,800,29437.5,ZeroPlusTick,8aa39165-6715-98bb-1b07-a3aa51a0ad16,2717624,0.02717624,800.0,Regular
2023-07-27T04:22:06.294Z,XBTUSD,Buy,8900,29437.5,ZeroPlusTick,434137fd-f8e2-59d8-6ccf-575b1698bae0,30233567,0.30233567,8900.0,Regular
2023-07-27T04:23:18.298Z,XBTUSD,Buy,150000,29438.0,PlusTick,f409dc64-f8f7-4b39-3b50-a8e88b78390d,509545500,5.095455,150000.0,Regular
2023-07-27T04:24:55.198Z,XBTUSD,Buy,19000,29439.5,PlusTick,313054d7-bb93-e692-ac59-cd195336f337,64539200,0.645392,19000.0,Regular
2023-07-27T04:25:07.673Z,XBTUSD,Sell,73500,29439.0,MinusTick,78978a51-7f48-8966-4a8b-304c09d78779,249668475,2.49668475,73500.0,Regular
2023-07-27T04:25:07.673Z,XBTUSD,Sell,1900,29439.0,ZeroMinusTick,11cf59f3-5f96-0e24-8f30-0433fd6ffb40,6454015,0.06454015,1900.0,Regular
2023-07-27T04:25:07.673Z,XBTUSD,Sell,900,29439.0,ZeroMinusTick,663abaf3-a242-f1bb-aa2e-552f6d23e2a3,3057165,0.03057165,900.0,Regular
2023-07-27T04:25:07.673Z,XBTUSD,Sell,24900,29439.0,ZeroMinusTick,e1ec6572-0a96-df17-2fe0-ff7ae5110ef0,84581565,0.84581565,24900.0,Regular
2023-07-27T04:25:07.673Z,XBTUSD,Sell,4700,29439.0,ZeroMinusTick,23731f9b-da91-2197-bf4f-0ae4bf4d5a7d,15965195,0.15965195,4700.0,Regular
2023-07-27T04:25:07.673Z,XBTUSD,Sell,308000,29439.0,ZeroMinusTick,979b8d8a-8afe-8b6a-db71-2b3159bcbd96,1046229800,10.462298,308000.0,Regular
2023-07-27T04:25:07.686Z,XBTUSD,Sell,61900,29439.0,ZeroMinusTick,21ded0b2-667d-ac86-e250-6a61113572e0,210265015,2.10265015,61900.0,Regular
2023-07-27T04:25:07.687Z,XBTUSD,Sell,61900,29439.0,ZeroMinusTick,eb491712-f26e-6c66-edeb-80cc88a6461a,210265015,2.10265015,61900.0,Regular
2023-07-27T04:25:07.697Z,XBTUSD,Sell,61900,29439.0,ZeroMinusTick,db0f0467-18ec-81b0-da5b-052ff8909e7c,210265015,2.10265015,61900.0,Regular
2023-07-27T04:25:07.701Z,XBTUSD,Sell,6200,29439.0,ZeroMinusTick,be6f7fae-a01b-fd0c-b180-3406e6a4a8d2,21060470,0.2106047,6200.0,Regular
2023-07-27T04:25:07.701Z,XBTUSD,Sell,21000,29439.0,ZeroMinusTick,388f67ea-ca3e-138b-7602-053f1f1a81f7,71333850,0.7133385,21000.0,Regular
2023-07-27T04:25:07.701Z,XBTUSD,Sell,200,29439.0,ZeroMinusTick,5da47537-3cd2-9b1a-e447-dc38fe083e21,679370,0.0067937,200.0,Regular
2023-07-27T04:25:07.701Z,XBTUSD,Sell,42600,29439.0,ZeroMinusTick,1f5781a2-28b6-a949-6df4-fca11762e959,144705810,1.4470581,42600.0,Regular
2023-07-27T04:25:07.701Z,XBTUSD,Sell,45300,29439.0,ZeroMinusTick,5234f14b-91e0-91e8-aee1-4f1e0d589861,153877305,1.53877305,45300.0,Regular
2023-07-27T04:25:07.701Z,XBTUSD,Sell,63200,29439.0,ZeroMinusTick,0c507198-ef63-664d-acaa-d47432799d56,214680920,2.1468092,63200.0,Regular
2023-07-27T04:25:07.706Z,XBTUSD,Sell,49800,29439.0,ZeroMinusTick,59e69a9e-8862-47d4-c439-965a50c045ff,169163130,1.6916313,49800.0,Regular
2023-07-27T04:25:07.933Z,XBTUSD,Sell,4100,29439.0,ZeroMinusTick,5f4d9b51-e264-85f7-e067-9583b5d1bd53,13927085,0.13927085,4100.0,Regular
2023-07-27T04:25:07.933Z,XBTUSD,Sell,100,29439.0,ZeroMinusTick,1723bff2-c97a-932f-735e-3abca917a0ee,339685,0.00339685,100.0,Regular
2023-07-27T04:25:07.933Z,XBTUSD,Sell,100,29439.0,ZeroMinusTick,c1b4cd49-cf48-b11b-558c-3b158f2cd2f4,339685,0.00339685,100.0,Regular
2023-07-27T04:25:07.933Z,XBTUSD,Sell,3800,29439.0,ZeroMinusTick,3b2d1b96-ad50-2d4b-7c90-227ae8245a62,12908030,0.1290803,3800.0,Regular
2023-07-27T04:25:07.933Z,XBTUSD,Sell,16300,29439.0,ZeroMinusTick,2f20cf3b-d3f2-622f-c69c-efb09164c11c,55368655,0.55368655,16300.0,Regular
2023-07-27T04:25:10.859Z,XBTUSD,Sell,1300,29439.0,ZeroMinusTick,9d54f1a1-d465-5186-7de1-930207c1100a,4415905,0.04415905,1300.0,Regular
2023-07-27T04:25:10.859Z,XBTUSD,Sell,2600,29439.0,ZeroMinusTick,1e7a0422-6492-5139-ca38-692555236688,8831810,0.0883181,2600.0,Regular
2023-07-27T04:25:10.859Z,XBTUSD,Sell,1700,29439.0,ZeroMinusTick,2958f066-84cc-6185-7619-da7e0c71a7f2,5774645,0.05774645,1700.0,Regular
2023-07-27T04:25:10.859Z,XBTUSD,Sell,300,29439.0,ZeroMinusTick,bea20dbe-6cee-36cc-7236-5b8d1c71859d,1019055,0.01019055,300.0,Regular
2023-07-27T04:25:10.859Z,XBTUSD,Sell,200,29439.0,ZeroMinusTick,b40f4abb-513f-35ca-a0f3-632963f3ac1b,679370,0.0067937,200.0,Regular
2023-07-27T04:25:10.859Z,XBTUSD,Sell,1300,29439.0,ZeroMinusTick,d963e530-a9cc-89ed-3c46-c598f692cbfe,4415905,0.04415905,1300.0,Regular
2023-07-27T04:25:10.859Z,XBTUSD,Sell,30000,29439.0,ZeroMinusTick,2a447007-7df1-ab9c-c8b7-5576d3603db1,101905500,1.019055,30000.0,Regular
2023-07-27T04:25:10.859Z,XBTUSD,Sell,4000,29439.0,ZeroMinusTick,6a26c544-b817-c868-0dc4-d3a093d8a6e1,13587400,0.135874,4000.0,Regular
2023-07-27T04:25:10.859Z,XBTUSD,Sell,29300,29439.0,ZeroMinusTick,c815ce47-fcb9-c8d2-bb0c-891c854f183b,99527705,0.99527705,29300.0,Regular
2023-07-27T04:25:10.859Z,XBTUSD,Sell,100,29439.0,ZeroMinusTick,0f3bf1cc-87a4-2ec0-6864-7926b0fd0a44,339685,0.00339685,100.0,Regular
2023-07-27T04:25:10.859Z,XBTUSD,Sell,35500,29439.0,ZeroMinusTick,9382ce9d-9d45-dfbf-edd2-7b7b2ecbaf41,120588175,1.20588175,35500.0,Regular
2023-07-27T04:25:18.432Z,XBTUSD,Sell,1000,29438.0,MinusTick,89399187-3f7a-41ba-7d7d-2241a3860340,3396970,0.0339697,1000.0,Regular
2023-07-27T04:26:37.754Z,XBTUSD,Buy,100,29438.5,PlusTick,657bfc07-8b3e-762b-54af-e7376dd343f6,339691,0.00339691,100.0,Regular
2023-07-27T04:26:41.084Z,XBTUSD,Buy,100,29438.5,ZeroPlusTick,0df6f44b-617f-f6ef-e497-bef63cf24a9b,339691,0.00339691,100.0,Regular
2023-07-27T04:28:16.144Z,XBTUSD,Buy,2800,29438.5,ZeroPlusTick,cce108b5-595b-803c-d41f-9f36570358f9,9511348,0.09511348,2800.0,Regular
2023-07-27T04:28:16.144Z,XBTUSD,Buy,200,29438.5,ZeroPlusTick,eedde7e3-4a6f-66f6-1440-65f0d19c6bf4,679382,0.00679382,200.0,Regular
2023-07-27T04:28:16.144Z,XBTUSD,Buy,66600,29438.5,ZeroPlusTick,e9387ef7-e2a9-8eec-41f2-da71f8a8dbd7,226234206,2.26234206,66600.0,Regular
2023-07-27T04:28:16.463Z,XBTUSD,Buy,51500,29438.5,ZeroPlusTick,be29ef88-9906-05ff-47f1-4bb6ffd19e84,174940865,1.74940865,51500.0,Regular
2023-07-27T04:28:33.102Z,XBTUSD,Buy,161900,29438.5,ZeroPlusTick,51f7a8c2-f0a0-a8a0-ed2e-b6d244a44627,549959729,5.49959729,161900.0,Regular
2023-07-27T04:28:33.102Z,XBTUSD,Buy,105300,29438.5,ZeroPlusTick,23fa93f2-0dea-7244-c3f6-98bb38aff497,357694623,3.57694623,105300.0,Regular
2023-07-27T04:28:52.322Z,XBTUSD,Buy,8300,29438.5,ZeroPlusTick,8165ec24-6b38-173e-51ff-437ccefe81ca,28194353,0.28194353,8300.0,Regular
2023-07-27T04:29:00.254Z,XBTUSD,Buy,50000,29438.5,ZeroPlusTick,f92610ef-f071-f53f-b445-58928b1f2caa,169845500,1.698455,50000.0,Regular
2023-07-27T04:29:00.519Z,XBTUSD,Buy,50000,29438.5,ZeroPlusTick,b8de8cb7-172a-ba80-5cae-d4d34fb0916a,169845500,1.698455,50000.0,Regular
2023-07-27T04:29:01.231Z,XBTUSD,Buy,50000,29438.5,ZeroPlusTick,834ee590-a161-6a67-e09d-365cd0b07c6c,169845500,1.698455,50000.0,Regular
2023-07-27T04:29:04.525Z,XBTUSD,Buy,16400,29438.5,ZeroPlusTick,69246560-7147-2faa-5043-a7739ffc7fbf,55709324,0.55709324,16400.0,Regular
2023-07-27T04:29:04.525Z,XBTUSD,Buy,2700,29438.5,ZeroPlusTick,2c7e543c-22bb-7a6a-47e9-126e95837281,9171657,0.09171657,2700.0,Regular
2023-07-27T04:29:04.525Z,XBTUSD,Buy,2000,29438.5,ZeroPlusTick,a21cd975-c462-06af-1d7d-f06b30222ba8,6793820,0.0679382,2000.0,Regular
2023-07-27T04:29:04.525Z,XBTUSD,Buy,28900,29439.0,PlusTick,5df18666-73e4-d3cb-3a18-6083dfac5a55,98168965,0.98168965,28900.0,Regular
2023-07-27T04:29:07.254Z,XBTUSD,Buy,2500,29439.0,ZeroPlusTick,34fd4b80-3d5d-3521-9b16-1cb70c8c37ed,8492125,0.08492125,2500.0,Regular
2023-07-27T04:29:17.150Z,XBTUSD,Buy,18600,29439.0,ZeroPlusTick,db705191-2163-b79b-4f1f-0820ea7d1ffb,63181410,0.6318141,18600.0,Regular
2023-07-27T04:29:17.150Z,XBTUSD,Buy,700,29439.0,ZeroPlusTick,b95dc881-6502-b048-4e77-6619089dd7f3,2377795,0.02377795,700.0,Regular
2023-07-27T04:29:17.150Z,XBTUSD,Buy,1000,29440.0,PlusTick,44638201-61c8-df47-933f-51ebf946c33c,3396740,0.0339674,1000.0,Regular
2023-07-27T04:29:17.150Z,XBTUSD,Buy,29700,29440.0,ZeroPlusTick,4655b920-5edd-289e-cbf8-dd703c7edcf3,100883178,1.00883178,29700.0,Regular
2023-07-27T04:29:17.286Z,XBTUSD,Buy,13000,29440.0,ZeroPlusTick,5f471c05-507d-cff3-9a1c-c8728b2e901d,44157620,0.4415762,13000.0,Regular
2023-07-27T04:29:18.317Z,XBTUSD,Buy,38400,29440.0,ZeroPlusTick,94168940-7c9d-6b02-f324-4b52312920f2,130434816,1.30434816,38400.0,Regular
2023-07-27T04:29:18.317Z,XBTUSD,Buy,100,29440.0,ZeroPlusTick,764f8b7d-3024-9836-d384-2a2be03d0673,339674,0.00339674,100.0,Regular
2023-07-27T04:29:18.317Z,XBTUSD,Buy,100,29440.0,ZeroPlusTick,7bbacfa5-6ef9-c9b2-9739-f9c1b28dfb03,339674,0.00339674,100.0,Regular
2023-07-27T04:29:18.317Z,XBTUSD,Buy,200,29440.0,ZeroPlusTick,71035f3f-3b20-3670-6235-e5897a83399e,679348,0.00679348,200.0,Regular
2023-07-27T04:29:18.317Z,XBTUSD,Buy,500,29440.0,ZeroPlusTick,c9802a43-ec58-7b85-1f75-56151c2c926b,1698370,0.0169837,500.0,Regular
2023-07-27T04:29:18.317Z,XBTUSD,Buy,300,29440.0,ZeroPlusTick,eb90eb4a-8d97-1127-dd11-3cc0b02ca5ae,1019022,0.01019022,300.0,Regular
2023-07-27T04:29:18.317Z,XBTUSD,Buy,10000,29440.0,ZeroPlusTick,e81b1dde-c634-69cc-8aa9-5c649ec50b5d,33967400,0.339674,10000.0,Regular
2023-07-27T04:29:18.317Z,XBTUSD,Buy,400,29440.0,ZeroPlusTick,f0232092-4711-9c23-0fda-6aad6e4390d4,1358696,0.01358696,400.0,Regular
2023-07-27T04:29:22.637Z,XBTUSD,Buy,1600,29440.0,ZeroPlusTick,73fb5a0e-6334-73b4-00b6-43bb63ee45e4,5434784,0.05434784,1600.0,Regular
2023-07-27T04:29:22.637Z,XBTUSD,Buy,800,29440.0,ZeroPlusTick,ecc2efd9-39b3-cb53-59cd-330909b330a5,2717392,0.02717392,800.0,Regular
2023-07-27T04:29:22.637Z,XBTUSD,Buy,100,29440.0,ZeroPlusTick,36a1e0c5-0c56-0e86-0758-5d4bd283c484,339674,0.00339674,100.0,Regular
2023-07-27T04:29:22.637Z,XBTUSD,Buy,500,29440.5,PlusTick,cdb5e7de-4402-a3a7-2f7f-98ef4f99e823,1698340,0.0169834,500.0,Regular
2023-07-27T04:29:28.644Z,XBTUSD,Buy,300,29440.5,ZeroPlusTick,85bbfb80-3b1a-26a4-f187-58fc8468b05c,1019004,0.01019004,300.0,Regular
2023-07-27T04:29:28.644Z,XBTUSD,Buy,2700,29441.0,PlusTick,96e68992-942f-7a5e-9595-b3b2a189b630,9170874,0.09170874,2700.0,Regular
2023-07-27T04:29:31.182Z,XBTUSD,Sell,200,29440.5,MinusTick,5c12372e-1f15-d85b-bb18-aa453de28966,679336,0.00679336,200.0,Regular
2023-07-27T04:29:32.214Z,XBTUSD,Sell,300,29440.5,ZeroMinusTick,6f9152da-42ce-31b1-91a8-40b8f68b34f6,1019004,0.01019004,300.0,Regular
2023-07-27T04:29:43.423Z,XBTUSD,Buy,5000,29441.0,PlusTick,83a3498a-3fef-1409-982a-36473621459a,16983100,0.169831,5000.0,Regular
2023-07-27T04:30:14.237Z,XBTUSD,Buy,17300,29441.0,ZeroPlusTick,41891cdb-deba-f2b6-123f-dba4f3d40635,58761526,0.58761526,17300.0,Regular
2023-07-27T04:30:14.237Z,XBTUSD,Buy,800,29441.0,ZeroPlusTick,420f757c-1d0b-e6f9-416b-8a255d4d9292,2717296,0.02717296,800.0,Regular
2023-07-27T04:30:14.237Z,XBTUSD,Buy,100,29441.0,ZeroPlusTick,85b80f53-cf1c-d5d3-5ecd-37e149e90dc7,339662,0.00339662,100.0,Regular
2023-07-27T04:30:14.237Z,XBTUSD,Buy,4200,29441.0,ZeroPlusTick,37156073-43eb-a9c2-c3dc-66288d8fa55f,14265804,0.14265804,4200.0,Regular
2023-07-27T04:30:14.237Z,XBTUSD,Buy,100,29441.5,PlusTick,b2a67721-0deb-c3df-d82f-db890f440c39,339657,0.00339657,100.0,Regular
2023-07-27T04:30:14.237Z,XBTUSD,Buy,800,29441.5,ZeroPlusTick,d46bb073-f1bc-5e93-ed0e-d092f5ab718a,2717256,0.02717256,800.0,Regular
2023-07-27T04:30:14.237Z,XBTUSD,Buy,100,29441.5,ZeroPlusTick,a9be2aab-0afa-5222-7d13-3094bd890cdb,339657,0.00339657,100.0,Regular
2023-07-27T04:30:14.237Z,XBTUSD,Buy,2000,29442.5,PlusTick,6abe83eb-f4a2-4bc4-8cd8-9d378120208e,6792900,0.067929,2000.0,Regular
2023-07-27T04:30:14.237Z,XBTUSD,Buy,24600,29443.0,PlusTick,caa97f6a-0d54-436e-b200-8e25b6fa7185,83551194,0.83551194,24600.0,Regular
2023-07-27T04:31:01.727Z,XBTUSD,Buy,800,29443.0,ZeroPlusTick,114b4179-5b2b-2ac4-0e83-a05948d44831,2717112,0.02717112,800.0,Regular
2023-07-27T04:31:01.727Z,XBTUSD,Buy,5000,29443.0,ZeroPlusTick,7e2a17e9-aef5-3ba6-0b66-afe1ea288c5e,16981950,0.1698195,5000.0,Regular
2023-07-27T04:31:04.883Z,XBTUSD,Buy,1000,29443.0,ZeroPlusTick,8aca25e7-b732-0e0b-d11a-22eb3e952e97,3396390,0.0339639,1000.0,Regular
2023-07-27T04:31:04.898Z,XBTUSD,Buy,2000,29443.0,ZeroPlusTick,c98e9c79-0fac-96a2-e705-1f5472316e4c,6792780,0.0679278,2000.0,Regular
2023-07-27T04:31:09.321Z,XBTUSD,Buy,24300,29443.0,ZeroPlusTick,8e8739fe-c236-2dda-db4d-dd5b7a45b878,82532277,0.82532277,24300.0,Regular
2023-07-27T04:31:09.321Z,XBTUSD,Buy,30000,29443.0,ZeroPlusTick,82274a37-b5f7-7391-69f1-5b77d86a5f76,101891700,1.018917,30000.0,Regular
2023-07-27T04:31:09.321Z,XBTUSD,Buy,100,29443.0,ZeroPlusTick,ceb54b40-b841-89d1-6f0b-7525bdfe30a3,339639,0.00339639,100.0,Regular
2023-07-27T04:31:09.321Z,XBTUSD,Buy,100,29443.0,ZeroPlusTick,334cd103-e707-c77c-1eb7-c61f8b6f99ae,339639,0.00339639,100.0,Regular
2023-07-27T04:31:09.321Z,XBTUSD,Buy,8800,29443.0,ZeroPlusTick,bb0fadbe-132b-72e7-42ac-517974ecc8d4,29888232,0.29888232,8800.0,Regular
2023-07-27T04:31:09.321Z,XBTUSD,Buy,42000,29443.0,ZeroPlusTick,8fcb770a-a1f7-d7b2-38a0-165083a5e89d,142648380,1.4264838,42000.0,Regular
2023-07-27T04:31:09.321Z,XBTUSD,Buy,42000,29443.0,ZeroPlusTick,f1b65571-c53e-f0a4-cfad-5ee6edfb98b9,142648380,1.4264838,42000.0,Regular
2023-07-27T04:31:09.321Z,XBTUSD,Buy,800,29443.0,ZeroPlusTick,ccb74b21-f17c-7540-cb23-c552c1d329e7,2717112,0.02717112,800.0,Regular
2023-07-27T04:31:09.321Z,XBTUSD,Buy,800,29443.5,PlusTick,24fc810e-68dd-4f05-c0e5-96a5cf88844d,2717072,0.02717072,800.0,Regular
2023-07-27T04:31:09.321Z,XBTUSD,Buy,55900,29443.5,ZeroPlusTick,ca998c68-b370-26cd-2d54-8fbf04bb6075,189855406,1.89855406,55900.0,Regular
2023-07-27T04:31:09.321Z,XBTUSD,Buy,5000,29444.0,PlusTick,5ea06f90-bd04-bdef-1c55-fef50d426a4c,16981400,0.169814,5000.0,Regular
2023-07-27T04:31:09.321Z,XBTUSD,Buy,100,29444.5,PlusTick,70493e82-24a5-8976-6b87-a9f7cbc02ee7,339622,0.00339622,100.0,Regular
2023-07-27T04:31:09.321Z,XBTUSD,Buy,2000,29444.5,ZeroPlusTick,a1e6923d-434d-4be3-48b6-7e8cb8bbe5ff,6792440,0.0679244,2000.0,Regular
2023-07-27T04:31:09.321Z,XBTUSD,Buy,66200,29444.5,ZeroPlusTick,902b2d14-8f30-cf26-a752-4966868bd519,224829764,2.24829764,66200.0,Regular
2023-07-27T04:31:17.373Z,XBTUSD,Buy,4700,29445.0,PlusTick,c7c29c76-4473-31f1-bfd2-01c0583577d8,15961952,0.15961952,4700.0,Regular
2023-07-27T04:31:29.163Z,XBTUSD,Buy,4000,29445.0,ZeroPlusTick,8881f97e-33c0-4fa0-8325-0778babf4d85,13584640,0.1358464,4000.0,Regular
2023-07-27T04:31:36.034Z,XBTUSD,Sell,100,29444.5,MinusTick,651ac9b6-511a-d046-9066-6c723a743ed6,339622,0.00339622,100.0,Regular
2023-07-27T04:32:20.301Z,XBTUSD,Buy,1300,29445.0,PlusTick,caa988df-9d74-af4b-b28d-dff8a71328ae,4415008,0.04415008,1300.0,Regular
2023-07-27T04:32:20.301Z,XBTUSD,Buy,200,29445.0,ZeroPlusTick,1bf5cb7a-d5ff-81ef-e173-2d11940290e2,679232,0.00679232,200.0,Regular
2023-07-27T04:32:20.301Z,XBTUSD,Buy,8300,29445.0,ZeroPlusTick,1466c0f6-f55e-8db4-99c6-06e9e4ff4f59,28188128,0.28188128,8300.0,Regular
2023-07-27T04:32:20.301Z,XBTUSD,Buy,800,29445.0,ZeroPlusTick,cb85da94-b897-cbdf-3fde-3a4e5bd70834,2716928,0.02716928,800.0,Regular
2023-07-27T04:32:20.301Z,XBTUSD,Buy,12500,29445.0,ZeroPlusTick,7a6b6903-462d-6b93-6567-cfa8fff90f00,42452000,0.42452,12500.0,Regular
2023-07-27T04:32:20.301Z,XBTUSD,Buy,30000,29445.0,ZeroPlusTick,15f661d5-39e9-d114-66bb-1792eeb32de7,101884800,1.018848,30000.0,Regular
2023-07-27T04:32:20.301Z,XBTUSD,Buy,190700,29445.0,ZeroPlusTick,d881dd73-ebd4-0d58-19ef-b1ae4ac84468,647647712,6.47647712,190700.0,Regular
2023-07-27T04:32:20.312Z,XBTUSD,Buy,33100,29445.0,ZeroPlusTick,d0f443c0-d5a1-17e8-cd13-e38d836a0765,112412896,1.12412896,33100.0,Regular
2023-07-27T04:32:20.313Z,XBTUSD,Buy,42400,29445.0,ZeroPlusTick,c9e73c40-2991-9c8e-79d2-3862ae036a19,143997184,1.43997184,42400.0,Regular
2023-07-27T04:32:20.328Z,XBTUSD,Buy,13800,29445.0,ZeroPlusTick,3fe48057-bdd2-c565-c0c7-29bfe12539b1,46867008,0.46867008,13800.0,Regular
2023-07-27T04:32:32.816Z,XBTUSD,Buy,2000,29446.0,PlusTick,178fb339-2a3e-4180-6d10-354b230116f1,6792100,0.067921,2000.0,Regular
2023-07-27T04:32:32.816Z,XBTUSD,Buy,800,29446.0,ZeroPlusTick,73f1726c-3fe6-c122-0070-560e3d3fe154,2716840,0.0271684,800.0,Regular
2023-07-27T04:32:32.816Z,XBTUSD,Buy,3000,29446.0,ZeroPlusTick,d38f5f68-4eb5-d86e-e023-7831cca7bf08,10188150,0.1018815,3000.0,Regular
2023-07-27T04:32:32.816Z,XBTUSD,Buy,800,29446.5,PlusTick,9a413f22-36ca-c680-e406-8744cab60354,2716792,0.02716792,800.0,Regular
2023-07-27T04:32:32.816Z,XBTUSD,Buy,800,29447.0,PlusTick,045de34b-745b-7fff-cc65-e565deb00d2b,2716744,0.02716744,800.0,Regular
2023-07-27T04:32:32.816Z,XBTUSD,Buy,900,29447.0,ZeroPlusTick,5515d031-2419-9986-1cb9-da60a78757a5,3056337,0.03056337,900.0,Regular
2023-07-27T04:32:32.816Z,XBTUSD,Buy,100,29447.5,PlusTick,074151f7-7261-7d5d-7cb1-c8338379c5f1,339587,0.00339587,100.0,Regular
2023-07-27T04:32:58.405Z,XBTUSD,Buy,900,29448.0,PlusTick,da803fb2-5115-c5fc-b4f2-59e11a16170c,3056238,0.03056238,900.0,Regular
2023-07-27T04:32:58.405Z,XBTUSD,Buy,1100,29448.0,ZeroPlusTick,c9468e64-e21a-1025-1146-496cb292d98e,3735402,0.03735402,1100.0,Regular
2023-07-27T04:33:08.521Z,XBTUSD,Buy,800,29448.0,ZeroPlusTick,bbdd2c2a-3b74-e310-56b1-e5b4cc0e730b,2716656,0.02716656,800.0,Regular
2023-07-27T04:33:08.521Z,XBTUSD,Buy,1200,29448.0,ZeroPlusTick,759836c8-a0a6-9b84-dffb-830473dd89d4,4074984,0.04074984,1200.0,Regular
2023-07-27T04:33:09.142Z,XBTUSD,Sell,100,29447.5,MinusTick,97b92b2c-eb69-169b-698e-f014e753eced,339587,0.00339587,100.0,Regular
2023-07-27T04:33:37.719Z,XBTUSD,Buy,1000,29448.0,PlusTick,8ff2edca-a505-e798-2f24-37193d2ad09d,3395820,0.0339582,1000.0,Regular
2023-07-27T04:33:42.418Z,XBTUSD,Buy,4000,29448.0,ZeroPlusTick,45e08f1a-58f5-bf77-18f9-529ce2aa2e81,13583280,0.1358328,4000.0,Regular
2023-07-27T04:33:42.418Z,XBTUSD,Buy,83100,29448.0,ZeroPlusTick,0a770c34-0f1e-cb61-629f-9f69e1a261f9,282192642,2.82192642,83100.0,Regular
2023-07-27T04:33:42.425Z,XBTUSD,Buy,6900,29448.0,ZeroPlusTick,2e160bcb-18ad-e4aa-97ad-0dcabab8bb8f,23431158,0.23431158,6900.0,Regular
2023-07-27T04:33:42.425Z,XBTUSD,Buy,3000,29448.0,ZeroPlusTick,cdc5ad95-cc10-0905-143e-2075dde2f70c,10187460,0.1018746,3000.0,Regular
2023-07-27T04:33:43.748Z,XBTUSD,Sell,300,29448.0,ZeroPlusTick,9bb6e52c-0889-b155-a734-ecced34322cf,1018746,0.01018746,300.0,Regular
2023-07-27T04:33:44.138Z,XBTUSD,Buy,1000,29448.5,PlusTick,5b080bcc-1690-1110-2b0d-139a0307dbea,3395760,0.0339576,1000.0,Regular
2023-07-27T04:33:44.138Z,XBTUSD,Buy,100,29449.0,PlusTick,8e06bcda-4de2-97fb-dcc7-529ce7da8ecb,339570,0.0033957,100.0,Regular
2023-07-27T04:33:44.138Z,XBTUSD,Buy,1000,29449.0,ZeroPlusTick,14c96cb5-5f8a-1f9c-ea6e-0edf21cbcfb4,3395700,0.033957,1000.0,Regular
2023-07-27T04:33:44.138Z,XBTUSD,Buy,4000,29449.0,ZeroPlusTick,c69eba16-aaf9-4958-bbac-c3520261c8d3,13582800,0.135828,4000.0,Regular
2023-07-27T04:33:44.524Z,XBTUSD,Buy,1000,29449.0,ZeroPlusTick,4424971e-1df0-e2db-0501-f36083f1b4ef,3395700,0.033957,1000.0,Regular
2023-07-27T04:33:44.555Z,XBTUSD,Buy,100,29450.0,PlusTick,7007094a-2220-b8e4-ab58-3b794380386a,339559,0.00339559,100.0,Regular
2023-07-27T04:33:44.555Z,XBTUSD,Buy,17200,29450.0,ZeroPlusTick,4a7f5b55-5a26-3e6e-16bb-94476885e4d9,58404148,0.58404148,17200.0,Regular
2023-07-27T04:33:44.782Z,XBTUSD,Sell,200,29449.5,MinusTick,baaa23c6-da60-1c73-040f-4166dae398c1,679128,0.00679128,200.0,Regular
2023-07-27T04:33:45.821Z,XBTUSD,Sell,100,29449.5,ZeroMinusTick,c60d84ad-7e7b-cacc-280f-bb006bce39f0,339564,0.00339564,100.0,Regular
2023-07-27T04:33:46.090Z,XBTUSD,Buy,2800,29450.0,PlusTick,d0c1ccd2-9da3-13ad-4b44-b42360067646,9507652,0.09507652,2800.0,Regular
2023-07-27T04:33:46.090Z,XBTUSD,Buy,2000,29450.0,ZeroPlusTick,c2508a5a-604a-59ea-2e94-9361cdf67d39,6791180,0.0679118,2000.0,Regular
2023-07-27T04:33:46.090Z,XBTUSD,Buy,100,29450.0,ZeroPlusTick,c256501b-696c-3e54-a4ae-d67c06894bc3,339559,0.00339559,100.0,Regular
2023-07-27T04:33:46.090Z,XBTUSD,Buy,1600,29450.0,ZeroPlusTick,d7a52e90-d2c2-0871-2c7b-9d2d42bb2845,5432944,0.05432944,1600.0,Regular
2023-07-27T04:33:53.657Z,XBTUSD,Buy,3400,29450.0,ZeroPlusTick,e1a07480-a509-220c-c04d-6862a6ce80e3,11545006,0.11545006,3400.0,Regular
2023-07-27T04:33:53.657Z,XBTUSD,Buy,100,29451.0,PlusTick,3a0d0287-e236-2700-42f6-284cb20f7ebc,339547,0.00339547,100.0,Regular
2023-07-27T04:33:53.657Z,XBTUSD,Buy,2000,29452.5,PlusTick,43d7a35a-3f9b-2f47-cff8-68d55385cf2f,6790600,0.067906,2000.0,Regular
2023-07-27T04:34:03.767Z,XBTUSD,Buy,1000,29452.5,ZeroPlusTick,fe64cf52-ab3a-c6bd-2d33-ec642d5cd98f,3395300,0.033953,1000.0,Regular
2023-07-27T04:34:21.495Z,XBTUSD,Buy,2000,29452.5,ZeroPlusTick,76ae2db8-b1ec-ab58-3a8d-08f6223f4c9b,6790600,0.067906,2000.0,Regular
2023-07-27T04:34:21.495Z,XBTUSD,Buy,18900,29453.5,PlusTick,6a2df5fc-773e-17e8-a91b-20b0f8eb0cc0,64168902,0.64168902,18900.0,Regular
2023-07-27T04:34:24.381Z,XBTUSD,Buy,11100,29453.5,ZeroPlusTick,b253013f-b5d4-9b93-8c0d-1dde2cbe28bd,37686498,0.37686498,11100.0,Regular
2023-07-27T04:34:24.381Z,XBTUSD,Buy,1000,29453.5,ZeroPlusTick,7879b392-bbf9-1f46-cc4d-7885575cc665,3395180,0.0339518,1000.0,Regular
2023-07-27T04:34:54.967Z,XBTUSD,Buy,500,29455.0,PlusTick,eb0c586d-2256-5759-2c3a-5dd2684d8aca,1697505,0.01697505,500.0,Regular
2023-07-27T04:34:54.967Z,XBTUSD,Buy,500,29455.0,ZeroPlusTick,7ab04429-6297-259f-184b-742d14315a3e,1697505,0.01697505,500.0,Regular
2023-07-27T04:34:56.143Z,XBTUSD,Buy,1000,29455.0,ZeroPlusTick,9684a5fb-c9a3-c57b-3a49-c1211cebfbad,3395010,0.0339501,1000.0,Regular
2023-07-27T04:34:58.023Z,XBTUSD,Buy,1000,29455.0,ZeroPlusTick,68546daf-c10c-0895-7fd9-3d0330b517f8,3395010,0.0339501,1000.0,Regular
2023-07-27T04:35:05.973Z,XBTUSD,Sell,500,29454.5,MinusTick,10a0ac24-709c-2b00-f6ae-5356d71b2318,1697535,0.01697535,500.0,Regular
2023-07-27T04:35:05.973Z,XBTUSD,Sell,1800,29454.5,ZeroMinusTick,3ead0dc7-051f-f201-253f-8b5c15e21c26,6111126,0.06111126,1800.0,Regular
2023-07-27T04:35:05.973Z,XBTUSD,Sell,1200,29454.5,ZeroMinusTick,e775b095-4840-af7a-e2e6-37164704c451,4074084,0.04074084,1200.0,Regular
2023-07-27T04:35:05.973Z,XBTUSD,Sell,6000,29454.5,ZeroMinusTick,9affecd5-4cfd-ebab-f335-0f2c829322e3,20370420,0.2037042,6000.0,Regular
2023-07-27T04:35:05.973Z,XBTUSD,Sell,100,29454.5,ZeroMinusTick,71b3cc61-d321-cc5c-3975-d7061a4188f2,339507,0.00339507,100.0,Regular
2023-07-27T04:35:05.973Z,XBTUSD,Sell,100,29454.5,ZeroMinusTick,5294a3fd-81d7-aa40-0cc7-ceb4f0b6f82c,339507,0.00339507,100.0,Regular
2023-07-27T04:35:05.973Z,XBTUSD,Sell,25800,29454.5,ZeroMinusTick,ab01b657-af79-0473-25e1-1e9efb9a2ffb,87592806,0.87592806,25800.0,Regular
2023-07-27T04:35:05.973Z,XBTUSD,Sell,100,29454.5,ZeroMinusTick,464e78cf-71c4-e925-cf5e-9a11a4708ded,339507,0.00339507,100.0,Regular
2023-07-27T04:35:05.973Z,XBTUSD,Sell,600,29454.5,ZeroMinusTick,4a25c2c8-1002-92fd-3e0f-2192f1b7930e,2037042,0.02037042,600.0,Regular
2023-07-27T04:35:05.973Z,XBTUSD,Sell,2100,29454.5,ZeroMinusTick,7f65bafc-35a4-8250-70ea-e2b319101c15,7129647,0.07129647,2100.0,Regular
2023-07-27T04:35:05.973Z,XBTUSD,Sell,222300,29454.5,ZeroMinusTick,341ef5cd-acac-6555-0b06-9b4add14bff9,754724061,7.54724061,222300.0,Regular
2023-07-27T04:35:05.980Z,XBTUSD,Sell,64200,29454.5,ZeroMinusTick,37a2fcdf-4ce5-fde6-4d9c-1e8c0a259bda,217963494,2.17963494,64200.0,Regular
2023-07-27T04:35:05.980Z,XBTUSD,Sell,16900,29454.5,ZeroMinusTick,0e7a9d28-8c02-b673-4635-8fec93caecb7,57376683,0.57376683,16900.0,Regular
2023-07-27T04:35:05.980Z,XBTUSD,Sell,500,29454.5,ZeroMinusTick,918e3db5-f36a-c50d-1805-0adce044dee7,1697535,0.01697535,500.0,Regular
2023-07-27T04:35:05.980Z,XBTUSD,Sell,1600,29454.5,ZeroMinusTick,66c72d76-ca46-414b-e491-53b0b1027e2c,5432112,0.05432112,1600.0,Regular
2023-07-27T04:35:05.980Z,XBTUSD,Sell,13100,29454.5,ZeroMinusTick,62652583-5d7b-46b3-e816-b03162ba51c6,44475417,0.44475417,13100.0,Regular
2023-07-27T04:35:05.987Z,XBTUSD,Sell,16600,29454.5,ZeroMinusTick,1e36e172-ba37-76cd-fd54-33e65eccd18e,56358162,0.56358162,16600.0,Regular
2023-07-27T04:35:05.987Z,XBTUSD,Sell,13900,29454.5,ZeroMinusTick,b7a894a5-51fb-447a-a6dd-4bc3e6ecbb8e,47191473,0.47191473,13900.0,Regular
2023-07-27T04:35:05.987Z,XBTUSD,Sell,5900,29454.5,ZeroMinusTick,c028dd28-117d-2963-81c6-ded2a970fd94,20030913,0.20030913,5900.0,Regular
2023-07-27T04:35:05.987Z,XBTUSD,Sell,100,29454.5,ZeroMinusTick,55a1b8e2-81c7-83d1-9fca-9f1e7b026775,339507,0.00339507,100.0,Regular
2023-07-27T04:35:05.987Z,XBTUSD,Sell,400,29454.5,ZeroMinusTick,17a08528-de51-c7b0-5875-7a88fcd1c2fd,1358028,0.01358028,400.0,Regular
2023-07-27T04:35:05.987Z,XBTUSD,Sell,100,29454.5,ZeroMinusTick,faa68e81-ccc3-6392-9c25-b003879ec4d5,339507,0.00339507,100.0,Regular
2023-07-27T04:35:11.765Z,XBTUSD,Sell,300,29450.5,MinusTick,bf399876-1b6e-8a3a-4cda-80e5fd1d8542,1018659,0.01018659,300.0,Regular
2023-07-27T04:35:11.765Z,XBTUSD,Sell,500,29450.5,ZeroMinusTick,05c9039a-cc37-c100-f66e-0a36330087ca,1697765,0.01697765,500.0,Regular
2023-07-27T04:35:25.693Z,XBTUSD,Buy,800,29450.5,ZeroMinusTick,3d754daf-6f61-4937-e3ec-d41fb233246d,2716424,0.02716424,800.0,Regular
2023-07-27T04:35:25.693Z,XBTUSD,Buy,29900,29450.5,ZeroMinusTick,b014b815-33a5-09a6-9e97-f135bfc2820d,101526347,1.01526347,29900.0,Regular
2023-07-27T04:35:25.693Z,XBTUSD,Buy,3800,29450.5,ZeroMinusTick,543fc0c8-bdf7-5e5e-742a-cc054b40e855,12903014,0.12903014,3800.0,Regular
2023-07-27T04:35:25.693Z,XBTUSD,Buy,1400,29450.5,ZeroMinusTick,19a56dbf-787f-2a04-d8d2-36c182167fa1,4753742,0.04753742,1400.0,Regular
2023-07-27T04:35:25.693Z,XBTUSD,Buy,100,29450.5,ZeroMinusTick,89ce141a-fe06-4e4d-1adc-b4a30be66f90,339553,0.00339553,100.0,Regular
2023-07-27T04:35:25.693Z,XBTUSD,Buy,600,29450.5,ZeroMinusTick,e321df09-1fe8-f1cd-fe0c-6a0d21c3a694,2037318,0.02037318,600.0,Regular
2023-07-27T04:35:25.693Z,XBTUSD,Buy,400,29450.5,ZeroMinusTick,e103a75f-e8f1-597f-9009-7681719f3cc1,1358212,0.01358212,400.0,Regular
2023-07-27T04:35:25.693Z,XBTUSD,Buy,200,29450.5,ZeroMinusTick,f0bba34a-ca86-dcb9-be8e-562565b41e19,679106,0.00679106,200.0,Regular
2023-07-27T04:35:30.190Z,XBTUSD,Sell,1000,29451.0,PlusTick,1a2591bf-6cfa-c88b-f0d3-1841c71fb281,3395470,0.0339547,1000.0,Regular
2023-07-27T04:35:37.376Z,XBTUSD,Sell,10000,29451.0,ZeroPlusTick,3a4962c7-84cc-6329-5c15-141aec0c8d09,33954700,0.339547,10000.0,Regular
2023-07-27T04:35:37.376Z,XBTUSD,Sell,900,29451.0,ZeroPlusTick,9e978b49-ec98-665f-647b-52aa40117231,3055923,0.03055923,900.0,Regular
2023-07-27T04:35:37.376Z,XBTUSD,Sell,6200,29451.0,ZeroPlusTick,e405d6c7-fd33-aa72-ae6e-7418a7384388,21051914,0.21051914,6200.0,Regular
2023-07-27T04:35:37.376Z,XBTUSD,Sell,600,29451.0,ZeroPlusTick,967c46a1-6f02-93d2-e83e-44692b19ade3,2037282,0.02037282,600.0,Regular
2023-07-27T04:35:37.376Z,XBTUSD,Sell,2400,29451.0,ZeroPlusTick,b7b056ed-194a-b438-592e-b6072ae6a3a9,8149128,0.08149128,2400.0,Regular
2023-07-27T04:35:37.376Z,XBTUSD,Sell,5700,29451.0,ZeroPlusTick,da753448-57af-053d-8eb5-c8ff88c0738b,19354179,0.19354179,5700.0,Regular
2023-07-27T04:35:37.376Z,XBTUSD,Sell,10400,29451.0,ZeroPlusTick,5d8c7472-f17f-3e80-dd07-feb934068571,35312888,0.35312888,10400.0,Regular
2023-07-27T04:35:37.376Z,XBTUSD,Sell,5600,29451.0,ZeroPlusTick,692a78c8-84f8-41f9-e5cc-be3cd1e98956,19014632,0.19014632,5600.0,Regular
2023-07-27T04:35:37.376Z,XBTUSD,Sell,28000,29450.5,MinusTick,966f75b0-1823-cd60-26a6-9f678359d226,95074840,0.9507484,28000.0,Regular
2023-07-27T04:35:37.376Z,XBTUSD,Sell,42000,29450.5,ZeroMinusTick,92f89646-35b2-6c69-d572-1d2582515dc4,142612260,1.4261226,42000.0,Regular
2023-07-27T04:35:37.376Z,XBTUSD,Sell,100,29450.0,MinusTick,2a2414ef-83df-f8bd-deb4-95f1c3764651,339559,0.00339559,100.0,Regular
2023-07-27T04:35:37.376Z,XBTUSD,Sell,500,29450.0,ZeroMinusTick,9da0fd3d-ae3f-9eea-7da6-c53d8d4626aa,1697795,0.01697795,500.0,Regular
2023-07-27T04:35:37.376Z,XBTUSD,Sell,115000,29450.0,ZeroMinusTick,cac76e4c-80be-1999-dfbe-5e0602d4ebd2,390492850,3.9049285,115000.0,Regular
2023-07-27T04:35:37.376Z,XBTUSD,Sell,100,29450.0,ZeroMinusTick,0c01fab5-fbd5-84ba-b980-cb26950a7a82,339559,0.00339559,100.0,Regular
2023-07-27T04:35:37.376Z,XBTUSD,Sell,200,29450.0,ZeroMinusTick,eb2fec39-583e-66cb-a998-82edeffb0efd,679118,0.00679118,200.0,Regular
2023-07-27T04:35:37.376Z,XBTUSD,Sell,1500,29450.0,ZeroMinusTick,9d3eb830-42c4-380a-d271-74cc87335721,5093385,0.05093385,1500.0,Regular
2023-07-27T04:35:37.405Z,XBTUSD,Sell,6700,29449.5,MinusTick,c4d44561-3b58-663c-e0ee-b55c3bfe4ff8,22750788,0.22750788,6700.0,Regular
2023-07-27T04:35:37.405Z,XBTUSD,Sell,100,29449.0,MinusTick,0bd6b27c-432b-14d1-ba11-8b470272f4fd,339570,0.0033957,100.0,Regular
2023-07-27T04:35:37.405Z,XBTUSD,Sell,5800,29448.5,MinusTick,7e316f91-b00a-c8a5-9884-12d16f02e63d,19695408,0.19695408,5800.0,Regular
2023-07-27T04:35:37.405Z,XBTUSD,Sell,5500,29447.5,MinusTick,1b414639-1bbb-a100-51ec-58f2b33272e6,18677285,0.18677285,5500.0,Regular
2023-07-27T04:35:37.405Z,XBTUSD,Sell,42000,29447.0,MinusTick,d80a762d-6d81-6587-0a43-1272acd2c235,142629060,1.4262906,42000.0,Regular
2023-07-27T04:35:37.405Z,XBTUSD,Sell,3300,29447.0,ZeroMinusTick,29f0eb6c-ac7c-b6fa-b63f-16721ecf73b8,11206569,0.11206569,3300.0,Regular
2023-07-27T04:35:37.405Z,XBTUSD,Sell,2700,29447.0,ZeroMinusTick,dffe8697-92d8-02ee-a0df-4b147bdd0609,9169011,0.09169011,2700.0,Regular
2023-07-27T04:35:37.777Z,XBTUSD,Buy,100,29447.5,PlusTick,55432b8a-168a-2e5b-5e3d-cf934d075643,339587,0.00339587,100.0,Regular
2023-07-27T04:35:43.026Z,XBTUSD,Sell,100,29447.0,MinusTick,d682e382-7898-718e-6f99-2e46907638f9,339593,0.00339593,100.0,Regular
2023-07-27T04:35:43.026Z,XBTUSD,Sell,400,29447.0,ZeroMinusTick,24978edf-d033-d31d-833a-a7692b295256,1358372,0.01358372,400.0,Regular
2023-07-27T04:35:43.026Z,XBTUSD,Sell,1400,29447.0,ZeroMinusTick,82af3bc3-ee6f-e473-943e-a536fe240d7b,4754302,0.04754302,1400.0,Regular
2023-07-27T04:35:43.026Z,XBTUSD,Sell,28700,29447.0,ZeroMinusTick,901428e7-29d7-d194-7578-1e1ca8dd41bc,97463191,0.97463191,28700.0,Regular
2023-07-27T04:35:43.026Z,XBTUSD,Sell,100,29447.0,ZeroMinusTick,955585d6-71b9-be36-d1f0-f1cc3e9ababd,339593,0.00339593,100.0,Regular
2023-07-27T04:35:43.026Z,XBTUSD,Sell,2600,29447.0,ZeroMinusTick,8469e5e4-9d3b-f31c-0bac-ca10cfd52f93,8829418,0.08829418,2600.0,Regular
2023-07-27T04:35:43.026Z,XBTUSD,Sell,1400,29447.0,ZeroMinusTick,f099bfd7-b9f5-5d40-178a-d92fadb450d4,4754302,0.04754302,1400.0,Regular
2023-07-27T04:35:46.000Z,XBTUSD,Sell,6700,29445.0,MinusTick,86b0cb09-de12-e2ad-dcc9-3877ee410ec8,22754272,0.22754272,6700.0,Regular
2023-07-27T04:35:46.000Z,XBTUSD,Sell,10000,29445.0,ZeroMinusTick,d1e5fe30-6b09-0869-8f72-ebaf46e9a292,33961600,0.339616,10000.0,Regular
2023-07-27T04:35:46.014Z,XBTUSD,Sell,37200,29444.5,MinusTick,92843d80-776a-2e34-99f3-358f0d132caa,126339384,1.26339384,37200.0,Regular
2023-07-27T04:35:48.218Z,XBTUSD,Sell,1800,29444.5,ZeroMinusTick,e1356422-176b-88e5-fccf-2eb8290458ec,6113196,0.06113196,1800.0,Regular
2023-07-27T04:35:48.483Z,XBTUSD,Buy,500,29445.0,PlusTick,c368c19d-644f-0f9d-0644-2434aefb5dfb,1698080,0.0169808,500.0,Regular
2023-07-27T04:35:48.960Z,XBTUSD,Sell,57600,29444.5,MinusTick,af8302b9-b11b-cd31-7b31-72250b20da97,195622272,1.95622272,57600.0,Regular
2023-07-27T04:35:48.963Z,XBTUSD,Sell,346100,29444.5,ZeroMinusTick,f87684a0-0a09-0a7f-cdaf-a6158b00c088,1175431742,11.75431742,346100.0,Regular
2023-07-27T04:35:48.967Z,XBTUSD,Sell,79100,29444.5,ZeroMinusTick,6b9f247a-e019-6cb0-c981-3261eb8b0761,268641002,2.68641002,79100.0,Regular
2023-07-27T04:35:48.986Z,XBTUSD,Sell,51500,29442.5,MinusTick,eac47246-7ea3-7640-75c1-23f8779fb79a,174917175,1.74917175,51500.0,Regular
2023-07-27T04:35:48.986Z,XBTUSD,Sell,100,29442.5,ZeroMinusTick,529408f1-6cf1-8eb3-7c22-350d0ff107a0,339645,0.00339645,100.0,Regular
2023-07-27T04:35:48.986Z,XBTUSD,Sell,5800,29442.0,MinusTick,2878529a-b5be-e7c5-9037-cc7261f14f45,19699758,0.19699758,5800.0,Regular
2023-07-27T04:35:49.018Z,XBTUSD,Sell,6700,29440.5,MinusTick,d1298205-3047-b09b-7c6a-4bde4d4295b4,22757756,0.22757756,6700.0,Regular
2023-07-27T04:35:49.018Z,XBTUSD,Sell,100,29440.0,MinusTick,4fe3825e-e5b4-3049-fe63-003a0fe549f3,339674,0.00339674,100.0,Regular
2023-07-27T04:35:49.018Z,XBTUSD,Sell,3300,29440.0,ZeroMinusTick,26caa8f9-c9ce-246f-55cc-99625b5173bf,11209242,0.11209242,3300.0,Regular
2023-07-27T04:35:49.018Z,XBTUSD,Sell,1200,29439.5,MinusTick,8f86c96d-083d-7083-7567-de265363331b,4076160,0.0407616,1200.0,Regular
2023-07-27T04:35:49.183Z,XBTUSD,Sell,6500,29439.5,ZeroMinusTick,e53193a2-b274-1c73-5431-31524d820887,22079200,0.220792,6500.0,Regular
2023-07-27T04:35:51.811Z,XBTUSD,Sell,100,29439.0,MinusTick,90e20352-506b-5d59-3aa7-6825993b110a,339685,0.00339685,100.0,Regular
2023-07-27T04:35:51.811Z,XBTUSD,Sell,17700,29439.0,ZeroMinusTick,bea313c6-be2f-78f3-590c-f3cbed3e02e0,60124245,0.60124245,17700.0,Regular
2023-07-27T04:35:53.323Z,XBTUSD,Sell,10000,29438.5,MinusTick,2fe37ecf-80ff-5d13-6516-31b6bde30555,33969100,0.339691,10000.0,Regular
2023-07-27T04:36:44.497Z,XBTUSD,Buy,2500,29439.0,PlusTick,8c3bc80e-481b-430f-db46-d2faee0dbd08,8492125,0.08492125,2500.0,Regular
2023-07-27T04:36:44.518Z,XBTUSD,Buy,8000,29439.0,ZeroPlusTick,08b811f1-5bd1-bc85-fb80-1822f02949c7,27174800,0.271748,8000.0,Regular
2023-07-27T04:36:44.518Z,XBTUSD,Buy,100,29439.0,ZeroPlusTick,6dde2ce0-945b-7622-5753-db0057ee449d,339685,0.00339685,100.0,Regular
2023-07-27T04:36:44.518Z,XBTUSD,Buy,400,29439.0,ZeroPlusTick,135c5fc1-6639-ad18-2aed-0adce3a805ee,1358740,0.0135874,400.0,Regular
2023-07-27T04:36:44.518Z,XBTUSD,Buy,700,29439.0,ZeroPlusTick,131a2cec-5386-5024-19b3-0a6ab4f29632,2377795,0.02377795,700.0,Regular
2023-07-27T04:36:44.518Z,XBTUSD,Buy,700,29439.0,ZeroPlusTick,7041575b-a955-3883-c90c-7e85570cb3ea,2377795,0.02377795,700.0,Regular
2023-07-27T04:36:44.550Z,XBTUSD,Buy,100,29442.0,PlusTick,586ceab2-6a1e-e71a-e29a-ac5dfa3ab93a,339651,0.00339651,100.0,Regular
2023-07-27T04:36:44.550Z,XBTUSD,Buy,800,29442.5,PlusTick,aaf4b85a-5201-98d6-d318-84b74d7431fe,2717160,0.0271716,800.0,Regular
2023-07-27T04:36:44.550Z,XBTUSD,Buy,800,29443.0,PlusTick,e16c9e39-41ac-3211-37b8-034e7fcaeeb8,2717112,0.02717112,800.0,Regular
2023-07-27T04:36:44.550Z,XBTUSD,Buy,55900,29443.0,ZeroPlusTick,48349fe5-1e3e-8806-bcab-50afcf237feb,189858201,1.89858201,55900.0,Regular
2023-07-27T04:37:03.503Z,XBTUSD,Buy,5000,29444.5,PlusTick,0092e699-e4b9-9e90-5997-9e87ded462d1,16981100,0.169811,5000.0,Regular
2023-07-27T04:37:03.503Z,XBTUSD,Buy,100,29444.5,ZeroPlusTick,f162b24d-c70b-1f74-5d33-8b3c4c7e8446,339622,0.00339622,100.0,Regular
2023-07-27T04:37:03.503Z,XBTUSD,Buy,3000,29444.5,ZeroPlusTick,db4d4b4e-2059-8a74-62af-c4981ab3212a,10188660,0.1018866,3000.0,Regular
2023-07-27T04:37:03.503Z,XBTUSD,Buy,100,29444.5,ZeroPlusTick,4b44b62d-a10a-6a37-126b-43748b64bd7e,339622,0.00339622,100.0,Regular
2023-07-27T04:37:03.503Z,XBTUSD,Buy,200,29444.5,ZeroPlusTick,d88a1a8d-1d8f-28c7-32cd-007feef25887,679244,0.00679244,200.0,Regular
2023-07-27T04:37:03.503Z,XBTUSD,Buy,5800,29445.0,PlusTick,bb36bc4a-297f-75b3-d801-25956dc66861,19697728,0.19697728,5800.0,Regular
2023-07-27T04:37:03.503Z,XBTUSD,Buy,500,29445.0,ZeroPlusTick,91d0cac7-cf09-ccc8-f9e3-5f8c81563c74,1698080,0.0169808,500.0,Regular
2023-07-27T04:37:03.503Z,XBTUSD,Buy,800,29445.5,PlusTick,ed8ccbbb-d2ef-d477-5484-e3cf1e94b337,2716880,0.0271688,800.0,Regular
2023-07-27T04:37:03.503Z,XBTUSD,Buy,800,29446.0,PlusTick,b8a1b0fd-2e02-9b2c-cb6e-ae0a0922885a,2716840,0.0271684,800.0,Regular
2023-07-27T04:37:03.503Z,XBTUSD,Buy,6700,29446.5,PlusTick,3e37cea7-b940-8fe6-fcde-4f5f86a87609,22753133,0.22753133,6700.0,Regular
2023-07-27T04:37:03.514Z,XBTUSD,Buy,200,29447.0,PlusTick,0c3cc33c-c437-b0e2-be15-761cb1ce468c,679186,0.00679186,200.0,Regular
2023-07-27T04:37:03.514Z,XBTUSD,Buy,100,29447.5,PlusTick,4803c4f8-45ef-8497-76a4-78f197eab0df,339587,0.00339587,100.0,Regular
2023-07-27T04:37:03.514Z,XBTUSD,Buy,8800,29448.5,PlusTick,5bc66647-de1e-0527-db8f-54f9eade7699,29882688,0.29882688,8800.0,Regular
2023-07-27T04:37:03.514Z,XBTUSD,Buy,8300,29448.5,ZeroPlusTick,a2cc0bde-d97b-1499-0442-758644db574c,28184808,0.28184808,8300.0,Regular
2023-07-27T04:37:03.586Z,XBTUSD,Buy,15000,29453.0,PlusTick,c7953f4f-1355-9c4d-13f1-b0c14d9ff79c,50928600,0.509286,15000.0,Regular
2023-07-27T04:37:03.815Z,XBTUSD,Buy,22000,29451.5,MinusTick,4df438a7-7c8e-491d-d9b1-4571f210d255,74699020,0.7469902,22000.0,Regular
2023-07-27T04:37:03.921Z,XBTUSD,Buy,800,29453.0,PlusTick,7f063605-adc2-71d8-d825-4959f8180929,2716192,0.02716192,800.0,Regular
2023-07-27T04:37:03.921Z,XBTUSD,Buy,10900,29453.0,ZeroPlusTick,e5a70f17-6b1c-4dfc-8d51-96d8de11d8c3,37008116,0.37008116,10900.0,Regular
2023-07-27T04:37:03.925Z,XBTUSD,Buy,11700,29453.0,ZeroPlusTick,9338fe81-bcf3-4048-49a2-94ebc1ef7508,39724308,0.39724308,11700.0,Regular
2023-07-27T04:37:03.930Z,XBTUSD,Buy,7300,29453.0,ZeroPlusTick,6dd8747c-d592-6f9a-015c-bb0da42ed128,24785252,0.24785252,7300.0,Regular
2023-07-27T04:37:05.112Z,XBTUSD,Buy,7500,29455.0,PlusTick,ec0aa6ba-37f5-001e-2fae-4ab7098c46de,25462575,0.25462575,7500.0,Regular
2023-07-27T04:37:05.112Z,XBTUSD,Buy,3000,29455.0,ZeroPlusTick,a7681af2-a684-0c6a-9ef4-7ec7cec980ee,10185030,0.1018503,3000.0,Regular
2023-07-27T04:37:05.112Z,XBTUSD,Buy,10000,29455.0,ZeroPlusTick,8fa70843-1dae-d284-1585-f2bf62842e25,33950100,0.339501,10000.0,Regular
2023-07-27T04:37:05.112Z,XBTUSD,Buy,100,29456.5,PlusTick,2d4f258c-6c30-2660-7fbf-a41efc9e8107,339484,0.00339484,100.0,Regular
2023-07-27T04:37:05.112Z,XBTUSD,Buy,5000,29456.5,ZeroPlusTick,58cb32b5-2ac7-bd75-f9f0-bb00839a1ebf,16974200,0.169742,5000.0,Regular
2023-07-27T04:37:05.112Z,XBTUSD,Buy,700,29456.5,ZeroPlusTick,1f5db743-20be-de21-9343-41ea2884c3b7,2376388,0.02376388,700.0,Regular
2023-07-27T04:37:05.116Z,XBTUSD,Buy,9300,29456.5,ZeroPlusTick,2158bbe2-799b-423f-04c4-f891f3836782,31572012,0.31572012,9300.0,Regular
2023-07-27T04:37:05.116Z,XBTUSD,Buy,700,29456.5,ZeroPlusTick,c6e396be-1d76-15d5-9f15-1fa1215ceafd,2376388,0.02376388,700.0,Regular
2023-07-27T04:37:05.121Z,XBTUSD,Buy,1000,29457.5,PlusTick,9cf1066a-dc68-9e6a-1c2f-9dd68d7d8992,3394720,0.0339472,1000.0,Regular
2023-07-27T04:37:05.121Z,XBTUSD,Buy,800,29457.5,ZeroPlusTick,00d741a3-7b52-52d8-7da3-b935b75be892,2715776,0.02715776,800.0,Regular
2023-07-27T04:37:05.121Z,XBTUSD,Buy,800,29458.0,PlusTick,17e076df-606a-445a-8cbb-f2c3f7002db1,2715728,0.02715728,800.0,Regular
2023-07-27T04:37:06.097Z,XBTUSD,Sell,27700,29459.0,PlusTick,bd0a7913-3536-d956-8371-fdb9d359c2c9,94029035,0.94029035,27700.0,Regular
2023-07-27T04:37:06.097Z,XBTUSD,Sell,7400,29459.0,ZeroPlusTick,1de37c49-bbff-ac55-d04a-000d3d875485,25119670,0.2511967,7400.0,Regular
2023-07-27T04:37:06.285Z,XBTUSD,Sell,200,29459.0,ZeroPlusTick,3b69a71a-003e-925d-e77c-eb8f37432b6c,678910,0.0067891,200.0,Regular
2023-07-27T04:37:06.636Z,XBTUSD,Sell,20100,29459.0,ZeroPlusTick,d71ac9ff-044a-4e13-9f40-485b04c06cfb,68230455,0.68230455,20100.0,Regular
2023-07-27T04:37:06.636Z,XBTUSD,Sell,1500,29459.0,ZeroPlusTick,ff2ac912-6d5e-4552-df5b-e6989fc9be44,5091825,0.05091825,1500.0,Regular
2023-07-27T04:37:06.636Z,XBTUSD,Sell,4700,29459.0,ZeroPlusTick,eb942e68-d002-a5c1-e7e9-7177f54295fa,15954385,0.15954385,4700.0,Regular
2023-07-27T04:37:06.636Z,XBTUSD,Sell,2100,29459.0,ZeroPlusTick,ce2a7dda-c4c6-9f7a-01c1-7736e7ccfb8b,7128555,0.07128555,2100.0,Regular
2023-07-27T04:37:06.640Z,XBTUSD,Sell,35400,29459.0,ZeroPlusTick,a8afabbb-4fe4-9b4d-ee22-706e153db777,120167070,1.2016707,35400.0,Regular
2023-07-27T04:37:06.640Z,XBTUSD,Sell,23700,29459.0,ZeroPlusTick,28de5b48-466d-db20-e486-a4d2439dccb7,80450835,0.80450835,23700.0,Regular
2023-07-27T04:37:07.327Z,XBTUSD,Sell,100,29456.5,MinusTick,ba913c77-0088-170c-06a8-b2283a4bd4d7,339484,0.00339484,100.0,Regular
2023-07-27T04:37:14.802Z,XBTUSD,Buy,100,29460.0,PlusTick,8d579d0f-b1f1-6abc-5b05-48f0d2d0d077,339443,0.00339443,100.0,Regular
2023-07-27T04:37:14.802Z,XBTUSD,Buy,39900,29460.0,ZeroPlusTick,18afdbab-da80-69f0-3710-020c943e7094,135437757,1.35437757,39900.0,Regular
2023-07-27T04:37:39.785Z,XBTUSD,Buy,33700,29460.0,ZeroPlusTick,0e162095-11ea-8b83-5ed1-2278a96126b0,114392291,1.14392291,33700.0,Regular
2023-07-27T04:37:39.790Z,XBTUSD,Buy,7800,29460.0,ZeroPlusTick,598c247f-2376-bf7d-7ca3-0f4b321f1680,26476554,0.26476554,7800.0,Regular
2023-07-27T04:37:39.790Z,XBTUSD,Buy,100,29460.0,ZeroPlusTick,87985d13-c19c-6689-34ec-c2c54d33138a,339443,0.00339443,100.0,Regular
2023-07-27T04:37:39.790Z,XBTUSD,Buy,100,29460.0,ZeroPlusTick,f05659c1-17d9-64ab-1039-15f9a0704b5a,339443,0.00339443,100.0,Regular
2023-07-27T04:37:39.790Z,XBTUSD,Buy,2000,29460.0,ZeroPlusTick,ac0145c5-afac-3cec-25d1-e313fda85e5d,6788860,0.0678886,2000.0,Regular
2023-07-27T04:37:39.793Z,XBTUSD,Buy,10000,29461.5,PlusTick,031d9e51-f0ed-7ea1-f702-b84a8ab89180,33942600,0.339426,10000.0,Regular
2023-07-27T04:37:39.833Z,XBTUSD,Buy,100,29462.0,PlusTick,d7281556-8a8f-4597-57a2-dc0b9cac91f2,339420,0.0033942,100.0,Regular
2023-07-27T04:37:39.833Z,XBTUSD,Buy,100,29462.0,ZeroPlusTick,56c52914-485e-a6dd-b35c-7554d50305f1,339420,0.0033942,100.0,Regular
2023-07-27T04:37:39.833Z,XBTUSD,Buy,100,29462.5,PlusTick,068ab1da-edc6-8eca-f81d-9b6f2364d668,339415,0.00339415,100.0,Regular
2023-07-27T04:38:06.057Z,XBTUSD,Buy,4000,29463.0,PlusTick,06a7352a-a0ee-2557-df7f-fca53a318405,13576360,0.1357636,4000.0,Regular
2023-07-27T04:38:06.057Z,XBTUSD,Buy,300,29463.0,ZeroPlusTick,3f61c6e0-35ab-5294-4519-6d7496f26064,1018227,0.01018227,300.0,Regular
2023-07-27T04:38:06.057Z,XBTUSD,Buy,800,29463.0,ZeroPlusTick,d0d90d6d-a033-f442-d31d-98f31e121c8f,2715272,0.02715272,800.0,Regular
2023-07-27T04:38:07.490Z,XBTUSD,Sell,200,29464.5,PlusTick,5df85ef5-9b4c-88bf-a796-31993ad324d1,678782,0.00678782,200.0,Regular
2023-07-27T04:38:08.540Z,XBTUSD,Sell,100,29464.5,ZeroPlusTick,52aca8bc-c869-fa56-d4ed-f6b64d67f69b,339391,0.00339391,100.0,Regular
2023-07-27T04:38:13.169Z,XBTUSD,Buy,500,29465.0,PlusTick,a8a4ec2e-749d-657a-7919-e51d0f37f857,1696930,0.0169693,500.0,Regular
2023-07-27T04:39:19.338Z,XBTUSD,Buy,3400,29465.0,ZeroPlusTick,2cb6f316-5e1d-3e3e-6913-6074e1ce7cde,11539124,0.11539124,3400.0,Regular
2023-07-27T04:39:19.341Z,XBTUSD,Buy,600,29465.0,ZeroPlusTick,51175a5f-ba7a-0e1d-873c-8800e5f52cc8,2036316,0.02036316,600.0,Regular
2023-07-27T04:39:19.341Z,XBTUSD,Buy,700,29465.0,ZeroPlusTick,2f8658da-390c-027f-ab8c-fdb2cbba6a01,2375702,0.02375702,700.0,Regular
2023-07-27T04:39:19.343Z,XBTUSD,Buy,4300,29465.0,ZeroPlusTick,1f20e1d2-62b1-7874-7243-2dbc587028c0,14593598,0.14593598,4300.0,Regular
2023-07-27T04:39:19.343Z,XBTUSD,Buy,300,29467.0,PlusTick,063e8eba-bb24-a3d0-79ad-17ace65520fb,1018089,0.01018089,300.0,Regular
2023-07-27T04:39:19.344Z,XBTUSD,Buy,1000,29468.0,PlusTick,81d22da2-7530-cd1b-615c-91129f71283d,3393510,0.0339351,1000.0,Regular
2023-07-27T04:39:19.348Z,XBTUSD,Buy,100,29468.5,PlusTick,5fbf174a-cf09-27d1-40df-cae2b146d51a,339345,0.00339345,100.0,Regular
2023-07-27T04:39:19.354Z,XBTUSD,Buy,100,29470.0,PlusTick,9b8fb17c-4657-2836-5191-bffc48a7e338,339328,0.00339328,100.0,Regular
2023-07-27T04:39:19.354Z,XBTUSD,Buy,100,29470.0,ZeroPlusTick,691eae93-c264-7592-fa90-4b35ccc5615e,339328,0.00339328,100.0,Regular
2023-07-27T04:39:19.354Z,XBTUSD,Buy,2000,29470.0,ZeroPlusTick,91bfd963-a3b9-3e39-8dc9-c1920cbd73e1,6786560,0.0678656,2000.0,Regular
2023-07-27T04:39:19.354Z,XBTUSD,Buy,1000,29470.0,ZeroPlusTick,1b93f37a-5c8e-d89c-27cd-f31949ed25ad,3393280,0.0339328,1000.0,Regular
2023-07-27T04:39:19.569Z,XBTUSD,Buy,300,29473.0,PlusTick,4c53ec3f-ce0c-681f-416b-b785d44dc6d9,1017882,0.01017882,300.0,Regular
2023-07-27T04:39:19.569Z,XBTUSD,Buy,100,29473.0,ZeroPlusTick,b567a3fd-f0fb-b332-7b77-7f0aa23db1da,339294,0.00339294,100.0,Regular
2023-07-27T04:39:19.569Z,XBTUSD,Buy,1100,29473.0,ZeroPlusTick,71af8448-3dca-8179-3f11-d18e3cd54368,3732234,0.03732234,1100.0,Regular
2023-07-27T04:39:20.766Z,XBTUSD,Sell,200,29474.0,PlusTick,b49f4a3e-6b24-a783-4dcf-a21210e0b60e,678564,0.00678564,200.0,Regular
2023-07-27T04:39:21.799Z,XBTUSD,Sell,100,29474.0,ZeroPlusTick,c7589cfb-7068-1351-625b-ba7e4f7706c8,339282,0.00339282,100.0,Regular
2023-07-27T04:39:22.833Z,XBTUSD,Sell,200,29474.0,ZeroPlusTick,9805d795-e993-98f4-59f0-de266f9a085b,678564,0.00678564,200.0,Regular
2023-07-27T04:39:26.276Z,XBTUSD,Sell,500,29474.0,ZeroPlusTick,331cdd17-e2e7-6e33-5e4a-94051031b7a6,1696410,0.0169641,500.0,Regular
2023-07-27T04:39:29.362Z,XBTUSD,Buy,300,29474.5,PlusTick,652ce501-1d97-320f-4133-945cd1f34641,1017828,0.01017828,300.0,Regular
2023-07-27T04:39:29.362Z,XBTUSD,Buy,4700,29474.5,ZeroPlusTick,6365ef59-e703-d977-097e-bc6ae2d9b7ca,15945972,0.15945972,4700.0,Regular
2023-07-27T04:39:29.555Z,XBTUSD,Sell,5500,29474.0,MinusTick,b6069af7-6afb-825e-f78e-fe6e3d7c7e9b,18660510,0.1866051,5500.0,Regular
2023-07-27T04:39:29.555Z,XBTUSD,Sell,32500,29474.0,ZeroMinusTick,54a84ae5-5fb4-1003-eb85-e8c2fa4ce272,110266650,1.1026665,32500.0,Regular
2023-07-27T04:39:29.561Z,XBTUSD,Sell,5000,29474.0,ZeroMinusTick,df292e00-2213-5180-2052-5331416f6d33,16964100,0.169641,5000.0,Regular
2023-07-27T04:39:29.586Z,XBTUSD,Sell,600,29474.0,ZeroMinusTick,3dc1b32c-c42a-4622-532a-ed87aff78a23,2035692,0.02035692,600.0,Regular
2023-07-27T04:39:29.590Z,XBTUSD,Sell,58100,29474.0,ZeroMinusTick,5bbf05f7-b0c5-a05c-8e1b-f888aca6f8e1,197122842,1.97122842,58100.0,Regular
2023-07-27T04:39:29.604Z,XBTUSD,Sell,20500,29474.0,ZeroMinusTick,9a00c05a-2b63-88b0-9abf-f91a5c17b683,69552810,0.6955281,20500.0,Regular
2023-07-27T04:39:29.604Z,XBTUSD,Sell,1200,29474.0,ZeroMinusTick,60a9dd74-6a34-f188-a58b-c5fcf5cf0cca,4071384,0.04071384,1200.0,Regular
2023-07-27T04:39:29.604Z,XBTUSD,Sell,200,29474.0,ZeroMinusTick,ea20822d-3e7e-4c3c-6a70-d894cc3f9bae,678564,0.00678564,200.0,Regular
2023-07-27T04:39:29.604Z,XBTUSD,Sell,1300,29474.0,ZeroMinusTick,a0d68921-85e3-b033-82b2-1b461d933b0e,4410666,0.04410666,1300.0,Regular
2023-07-27T04:39:29.604Z,XBTUSD,Sell,7900,29474.0,ZeroMinusTick,1718bf2d-98f9-5e3b-1d96-5c539d1b3912,26803278,0.26803278,7900.0,Regular
2023-07-27T04:39:29.644Z,XBTUSD,Sell,11100,29474.0,ZeroMinusTick,0eb92497-41bb-9891-237d-9a8c5ee04b9d,37660302,0.37660302,11100.0,Regular
2023-07-27T04:39:29.644Z,XBTUSD,Sell,100,29474.0,ZeroMinusTick,bef31303-ff5c-864b-a20c-b25b2b589ce6,339282,0.00339282,100.0,Regular
2023-07-27T04:39:29.644Z,XBTUSD,Sell,8200,29474.0,ZeroMinusTick,e852b589-b770-53cd-f559-b9348539b423,27821124,0.27821124,8200.0,Regular
2023-07-27T04:39:29.657Z,XBTUSD,Sell,2300,29474.0,ZeroMinusTick,00d16b43-2b5b-bf15-d778-5f813aa63b8c,7803486,0.07803486,2300.0,Regular
2023-07-27T04:39:29.657Z,XBTUSD,Sell,600,29474.0,ZeroMinusTick,50ef2dfd-a7d6-8f76-eaff-789f1430192b,2035692,0.02035692,600.0,Regular
2023-07-27T04:39:29.657Z,XBTUSD,Sell,100,29474.0,ZeroMinusTick,8ac43617-5434-76fd-3b88-7d62cfc23f44,339282,0.00339282,100.0,Regular
2023-07-27T04:39:29.657Z,XBTUSD,Sell,17800,29474.0,ZeroMinusTick,1aa066a5-a159-555d-4934-2a756e65e0e2,60392196,0.60392196,17800.0,Regular
2023-07-27T04:39:31.483Z,XBTUSD,Buy,5000,29471.5,MinusTick,b0c8e1af-4bf2-24da-8e70-fa1bec429894,16965550,0.1696555,5000.0,Regular
2023-07-27T04:39:43.053Z,XBTUSD,Sell,100,29471.0,MinusTick,90ecaee7-5591-f326-89e9-5c2cba98b507,339317,0.00339317,100.0,Regular
2023-07-27T04:39:43.053Z,XBTUSD,Sell,26000,29471.0,ZeroMinusTick,44d64312-32b7-d431-7926-41ba214ec410,88222420,0.8822242,26000.0,Regular
2023-07-27T04:39:43.090Z,XBTUSD,Sell,3200,29471.0,ZeroMinusTick,d9c1cbfc-4211-44e7-dea5-7da91d8eba56,10858144,0.10858144,3200.0,Regular
2023-07-27T04:39:43.090Z,XBTUSD,Sell,1400,29471.0,ZeroMinusTick,9e84e691-68cc-4268-ec74-5f35e449c78e,4750438,0.04750438,1400.0,Regular
2023-07-27T04:39:43.090Z,XBTUSD,Sell,300,29471.0,ZeroMinusTick,5d8fba9d-5b4f-d4a1-d0d5-edf8cbc67ec4,1017951,0.01017951,300.0,Regular
2023-07-27T04:39:43.090Z,XBTUSD,Sell,100,29471.0,ZeroMinusTick,29dc1904-6939-192d-48e3-919144c6e95d,339317,0.00339317,100.0,Regular
2023-07-27T04:39:43.090Z,XBTUSD,Sell,300,29471.0,ZeroMinusTick,accbaee6-34e4-57b2-30c0-cf97ad6d8118,1017951,0.01017951,300.0,Regular
2023-07-27T04:39:43.090Z,XBTUSD,Sell,4700,29471.0,ZeroMinusTick,d9c88cf2-ef37-3e49-da0b-40737d5f916e,15947899,0.15947899,4700.0,Regular
2023-07-27T04:40:03.416Z,XBTUSD,Sell,1200,29466.5,MinusTick,c1726cda-7bc7-788b-f417-6e2f0a6bcba2,4072416,0.04072416,1200.0,Regular
2023-07-27T04:40:03.416Z,XBTUSD,Sell,400,29466.5,ZeroMinusTick,b4350410-a61d-792d-a0b6-aabf24da6056,1357472,0.01357472,400.0,Regular
2023-07-27T04:40:03.416Z,XBTUSD,Sell,6400,29466.5,ZeroMinusTick,68357ed9-6a5c-6745-cbeb-efe1d14a2d42,21719552,0.21719552,6400.0,Regular
2023-07-27T04:40:58.735Z,XBTUSD,Buy,3800,29467.0,PlusTick,34fb4700-a8ee-fc7c-7ec9-8403ecaca5f7,12895794,0.12895794,3800.0,Regular
2023-07-27T04:40:58.735Z,XBTUSD,Buy,7700,29467.0,ZeroPlusTick,17c9a864-ae50-9a54-9b01-f28b99f8fbb5,26130951,0.26130951,7700.0,Regular
2023-07-27T04:40:58.735Z,XBTUSD,Buy,1500,29467.0,ZeroPlusTick,4086e422-47b8-2cf6-0f25-bacb4de127ba,5090445,0.05090445,1500.0,Regular
2023-07-27T04:40:58.735Z,XBTUSD,Buy,400,29467.0,ZeroPlusTick,3d80ebbc-f1fe-6515-88b4-ff0085e0a9e4,1357452,0.01357452,400.0,Regular
2023-07-27T04:40:58.735Z,XBTUSD,Buy,300,29467.0,ZeroPlusTick,25b9e0d9-3a37-dcdd-fa50-233a4bb98205,1018089,0.01018089,300.0,Regular
2023-07-27T04:40:58.735Z,XBTUSD,Buy,44200,29467.0,ZeroPlusTick,ad7f1e83-f466-69aa-5107-073f978b002a,149998446,1.49998446,44200.0,Regular
2023-07-27T04:40:58.735Z,XBTUSD,Buy,19800,29467.0,ZeroPlusTick,32eb8e5d-f651-ef56-7921-cd4c53a21f01,67193874,0.67193874,19800.0,Regular
2023-07-27T04:41:12.981Z,XBTUSD,Sell,200,29469.5,PlusTick,cb77d57e-8836-21ed-675b-141a2ac9f877,678668,0.00678668,200.0,Regular
2023-07-27T04:42:25.248Z,XBTUSD,Buy,100,29470.0,PlusTick,c8fe4a7b-4b8e-7e76-6a3f-3abf35f4a151,339328,0.00339328,100.0,Regular
2023-07-27T04:42:25.248Z,XBTUSD,Buy,400,29470.0,ZeroPlusTick,fadfe876-329d-3473-2409-67c36dde3b56,1357312,0.01357312,400.0,Regular
2023-07-27T04:42:27.785Z,XBTUSD,Sell,4700,29469.5,MinusTick,1e68714b-2efa-5aed-f8de-782436c21cfb,15948698,0.15948698,4700.0,Regular
2023-07-27T04:42:27.785Z,XBTUSD,Sell,12600,29469.5,ZeroMinusTick,1db20ed3-67cc-64fe-1b3b-120e9412e374,42756084,0.42756084,12600.0,Regular
2023-07-27T04:42:27.785Z,XBTUSD,Sell,100,29469.5,ZeroMinusTick,7c560ba9-daf3-72c7-e0e7-1d4df9f86761,339334,0.00339334,100.0,Regular
2023-07-27T04:42:27.785Z,XBTUSD,Sell,400,29469.5,ZeroMinusTick,7f23bf0e-1216-49b3-60db-42a10fd434a9,1357336,0.01357336,400.0,Regular
2023-07-27T04:42:27.785Z,XBTUSD,Sell,200,29469.5,ZeroMinusTick,f09a4b01-3e45-3617-eec1-e1e564c160e6,678668,0.00678668,200.0,Regular
2023-07-27T04:42:27.785Z,XBTUSD,Sell,37200,29469.5,ZeroMinusTick,83fc0cff-0df0-e0dd-6ad7-bf900e8f804b,126232248,1.26232248,37200.0,Regular
2023-07-27T04:42:27.785Z,XBTUSD,Sell,3800,29469.5,ZeroMinusTick,8ac32749-6afe-961b-d4b2-cad920206903,12894692,0.12894692,3800.0,Regular
2023-07-27T04:42:27.785Z,XBTUSD,Sell,600,29469.5,ZeroMinusTick,1efbecf0-32b6-b892-98e0-5f358af1bba6,2036004,0.02036004,600.0,Regular
2023-07-27T04:42:27.785Z,XBTUSD,Sell,2700,29469.5,ZeroMinusTick,cf74ceb0-075d-8bc2-451c-bf5e1dcd15ba,9162018,0.09162018,2700.0,Regular
2023-07-27T04:42:27.785Z,XBTUSD,Sell,400,29469.5,ZeroMinusTick,d30e0f58-468c-1ff7-f2fd-63fd26ae0129,1357336,0.01357336,400.0,Regular
2023-07-27T04:42:27.785Z,XBTUSD,Sell,6900,29469.5,ZeroMinusTick,9f1559f0-856b-a2bb-80fd-069d87554e31,23414046,0.23414046,6900.0,Regular
2023-07-27T04:42:27.785Z,XBTUSD,Sell,6400,29469.5,ZeroMinusTick,d0e99271-7d08-b2d0-4815-12f9d5581bbe,21717376,0.21717376,6400.0,Regular
2023-07-27T04:42:27.785Z,XBTUSD,Sell,17600,29469.5,ZeroMinusTick,680693b5-e688-8894-a2ad-35d239b4865b,59722784,0.59722784,17600.0,Regular
2023-07-27T04:42:27.785Z,XBTUSD,Sell,19200,29469.5,ZeroMinusTick,80178a60-8089-3b6c-74fe-a8ca0362f5db,65152128,0.65152128,19200.0,Regular
2023-07-27T04:42:27.785Z,XBTUSD,Sell,10000,29469.5,ZeroMinusTick,d3b8ce79-db8e-9251-33b9-98d92cf95bed,33933400,0.339334,10000.0,Regular
2023-07-27T04:42:27.785Z,XBTUSD,Sell,200,29469.5,ZeroMinusTick,9d181105-80e3-de29-c21e-ea0e1ce798d5,678668,0.00678668,200.0,Regular
2023-07-27T04:42:27.785Z,XBTUSD,Sell,300,29469.5,ZeroMinusTick,32e9c123-19cb-a6b2-dc8d-41ba88b46f59,1018002,0.01018002,300.0,Regular
2023-07-27T04:42:27.785Z,XBTUSD,Sell,100,29469.5,ZeroMinusTick,76c19887-75ea-cb4f-b277-c0360554c3a1,339334,0.00339334,100.0,Regular
2023-07-27T04:42:27.785Z,XBTUSD,Sell,58100,29469.5,ZeroMinusTick,70c0dd27-13da-e504-ca8c-6ae805773cf6,197153054,1.97153054,58100.0,Regular
2023-07-27T04:42:27.815Z,XBTUSD,Sell,9800,29469.5,ZeroMinusTick,42efde75-7f07-21b6-6753-06863f3c33bf,33254732,0.33254732,9800.0,Regular
2023-07-27T04:42:27.815Z,XBTUSD,Sell,100,29469.5,ZeroMinusTick,98248567-0c10-68b1-cd55-0d7e78e26867,339334,0.00339334,100.0,Regular
2023-07-27T04:42:27.830Z,XBTUSD,Sell,4800,29466.5,MinusTick,949beaaa-f730-5f33-eb01-61e2e3e8c386,16289664,0.16289664,4800.0,Regular
2023-07-27T04:42:27.830Z,XBTUSD,Sell,1200,29465.5,MinusTick,76d9ae75-d678-6370-9a82-fd0a500d2b11,4072560,0.0407256,1200.0,Regular
2023-07-27T04:42:27.855Z,XBTUSD,Sell,1400,29465.5,ZeroMinusTick,bfdf9f19-f232-345b-1455-c8b63e1c7aab,4751320,0.0475132,1400.0,Regular
2023-07-27T04:42:27.855Z,XBTUSD,Sell,100,29465.0,MinusTick,bede255c-2197-e8fb-7d7d-2206928e0c32,339386,0.00339386,100.0,Regular
2023-07-27T04:42:27.855Z,XBTUSD,Sell,3300,29465.0,ZeroMinusTick,179c624a-5838-6dbe-5fd6-aa9429072505,11199738,0.11199738,3300.0,Regular
2023-07-27T04:42:27.855Z,XBTUSD,Sell,3300,29464.5,MinusTick,b1ad0a40-47af-01e7-e45f-8873647f1765,11199903,0.11199903,3300.0,Regular
2023-07-27T04:42:27.855Z,XBTUSD,Sell,2800,29464.5,ZeroMinusTick,96419ba7-dda5-9927-1355-4dac7ef5eb11,9502948,0.09502948,2800.0,Regular
2023-07-27T04:42:27.855Z,XBTUSD,Sell,2200,29464.0,MinusTick,bd4295ea-7dcc-3811-6427-4c146adfe31c,7466734,0.07466734,2200.0,Regular
2023-07-27T04:42:28.011Z,XBTUSD,Sell,500,29462.0,MinusTick,31d8982f-950c-c472-f1e7-3d6dc464c25e,1697100,0.016971,500.0,Regular
2023-07-27T04:42:56.482Z,XBTUSD,Buy,100,29462.5,PlusTick,cc9e8eba-b070-cfd9-9d82-232f03de3980,339415,0.00339415,100.0,Regular
2023-07-27T04:43:26.469Z,XBTUSD,Buy,108600,29462.5,ZeroPlusTick,c7ed25d7-82cf-9312-eea5-a8c75e27626e,368604690,3.6860469,108600.0,Regular
2023-07-27T04:43:26.469Z,XBTUSD,Buy,800,29462.5,ZeroPlusTick,f32ed2d6-c028-667a-e548-040dc170b0db,2715320,0.0271532,800.0,Regular
2023-07-27T04:43:26.469Z,XBTUSD,Buy,29900,29462.5,ZeroPlusTick,55168722-8857-4c95-a290-a60faa964e1f,101485085,1.01485085,29900.0,Regular
2023-07-27T04:43:26.469Z,XBTUSD,Buy,200,29462.5,ZeroPlusTick,d9b8d2bf-3143-cade-1598-0e6d04576b18,678830,0.0067883,200.0,Regular
2023-07-27T04:43:26.469Z,XBTUSD,Buy,1900,29462.5,ZeroPlusTick,05736871-7667-6e11-77b8-17469a4b44b9,6448885,0.06448885,1900.0,Regular
2023-07-27T04:43:26.469Z,XBTUSD,Buy,10100,29462.5,ZeroPlusTick,caee6d64-e3ef-37e9-854a-35d073e94bb9,34280915,0.34280915,10100.0,Regular
2023-07-27T04:43:26.477Z,XBTUSD,Buy,800,29463.0,PlusTick,d8e69b09-5849-b495-e73a-3fac55a6496a,2715272,0.02715272,800.0,Regular
2023-07-27T04:45:04.466Z,XBTUSD,Buy,100,29465.5,PlusTick,cbd1abce-f335-da3a-8f87-ff378185ca88,339380,0.0033938,100.0,Regular
2023-07-27T04:45:04.466Z,XBTUSD,Buy,32400,29465.5,ZeroPlusTick,8b2370da-1b42-19e5-3314-79821854dd14,109959120,1.0995912,32400.0,Regular
2023-07-27T04:45:04.466Z,XBTUSD,Buy,5500,29465.5,ZeroPlusTick,0cdd3f28-d872-9cfd-3630-afdb6bf4d619,18665900,0.186659,5500.0,Regular
2023-07-27T04:45:04.466Z,XBTUSD,Buy,3000,29465.5,ZeroPlusTick,adb0b374-31c7-fe9b-d6d5-021d958dd15d,10181400,0.101814,3000.0,Regular
2023-07-27T04:45:04.466Z,XBTUSD,Buy,10600,29465.5,ZeroPlusTick,4b37161b-53f0-f2b0-1fdb-89c2b135013e,35974280,0.3597428,10600.0,Regular
2023-07-27T04:45:04.466Z,XBTUSD,Buy,3800,29465.5,ZeroPlusTick,7f69266c-6fc0-90de-a999-1186aa6f850a,12896440,0.1289644,3800.0,Regular
2023-07-27T04:45:04.683Z,XBTUSD,Buy,55900,29467.0,PlusTick,f05db3a6-b91f-fc7c-9d99-6561c6f7ee08,189703917,1.89703917,55900.0,Regular
2023-07-27T04:45:04.683Z,XBTUSD,Buy,800,29467.0,ZeroPlusTick,10bc8fc0-0d69-b06f-b795-cf3b0af0e836,2714904,0.02714904,800.0,Regular
2023-07-27T04:45:04.729Z,XBTUSD,Buy,26700,29467.0,ZeroPlusTick,aeffb19c-efaa-2608-e90a-fa0fc34d2332,90609921,0.90609921,26700.0,Regular
2023-07-27T04:45:04.729Z,XBTUSD,Buy,800,29468.0,PlusTick,efa15e49-0b0a-d613-ea51-29ace29701b8,2714808,0.02714808,800.0,Regular
2023-07-27T04:45:04.729Z,XBTUSD,Buy,800,29468.5,PlusTick,1f598669-677d-c20f-aa72-19d291732445,2714760,0.0271476,800.0,Regular
2023-07-27T04:45:43.463Z,XBTUSD,Sell,4700,29469.5,PlusTick,802c2456-52fe-17c0-d8f1-06ea59e9d1c8,15948698,0.15948698,4700.0,Regular
2023-07-27T04:45:43.463Z,XBTUSD,Sell,5300,29469.5,ZeroPlusTick,3c84bc71-d7fa-64d7-8151-2cd835038ce3,17984702,0.17984702,5300.0,Regular
2023-07-27T04:45:43.463Z,XBTUSD,Sell,88800,29469.5,ZeroPlusTick,f3945d8e-d1fe-8134-38f0-38697ca796c5,301328592,3.01328592,88800.0,Regular
2023-07-27T04:45:43.463Z,XBTUSD,Sell,10700,29469.5,ZeroPlusTick,ba80e0a5-2044-5578-5b2d-6f88262168a9,36308738,0.36308738,10700.0,Regular
2023-07-27T04:45:43.463Z,XBTUSD,Sell,5400,29469.5,ZeroPlusTick,55cc9e48-aa21-5e08-3f39-8577ef2645da,18324036,0.18324036,5400.0,Regular
2023-07-27T04:45:43.463Z,XBTUSD,Sell,200,29469.5,ZeroPlusTick,6994b899-8121-9807-13e7-0ff423716f8e,678668,0.00678668,200.0,Regular
2023-07-27T04:45:45.562Z,XBTUSD,Sell,300,29469.5,ZeroPlusTick,ad7d32c0-73b1-9436-7408-1f0ffd8c81c2,1018002,0.01018002,300.0,Regular
2023-07-27T04:45:45.562Z,XBTUSD,Sell,100,29469.5,ZeroPlusTick,623f705f-59c1-a892-38d3-bedc9a86a8bc,339334,0.00339334,100.0,Regular
2023-07-27T04:45:45.562Z,XBTUSD,Sell,2600,29469.5,ZeroPlusTick,23666d5d-e8a1-210c-8d24-3dbe8826dc5d,8822684,0.08822684,2600.0,Regular
2023-07-27T04:45:45.562Z,XBTUSD,Sell,1400,29469.5,ZeroPlusTick,8a448caa-b531-5ee8-6319-c28e970ea630,4750676,0.04750676,1400.0,Regular
2023-07-27T04:45:45.562Z,XBTUSD,Sell,12300,29469.5,ZeroPlusTick,29e09ea4-d146-3f80-e184-b366c31fc317,41738082,0.41738082,12300.0,Regular
2023-07-27T04:45:53.650Z,XBTUSD,Sell,600,29469.5,ZeroPlusTick,b0020664-1f0d-dcdf-6d94-a8c9aa332fb4,2036004,0.02036004,600.0,Regular
2023-07-27T04:45:53.650Z,XBTUSD,Sell,100,29469.5,ZeroPlusTick,e4c908c9-707d-ec59-730a-331364d8a5c2,339334,0.00339334,100.0,Regular
2023-07-27T04:46:02.145Z,XBTUSD,Sell,100,29466.5,MinusTick,da20f5ea-cef7-a158-65cd-936e9f114a3c,339368,0.00339368,100.0,Regular
2023-07-27T04:46:02.145Z,XBTUSD,Sell,1200,29466.5,ZeroMinusTick,1a34ba98-f768-4c66-7f65-530b848ec08e,4072416,0.04072416,1200.0,Regular
2023-07-27T04:46:02.145Z,XBTUSD,Sell,1300,29466.5,ZeroMinusTick,20bd2393-2401-e159-3267-49c0f0eba420,4411784,0.04411784,1300.0,Regular
2023-07-27T04:46:02.145Z,XBTUSD,Sell,18600,29466.5,ZeroMinusTick,5777bc0f-fd55-8646-d72d-d655ce348ebc,63122448,0.63122448,18600.0,Regular
2023-07-27T04:46:02.145Z,XBTUSD,Sell,100,29466.5,ZeroMinusTick,f7e0a966-b0e5-ae95-c924-477ee6b38e0f,339368,0.00339368,100.0,Regular
2023-07-27T04:46:02.145Z,XBTUSD,Sell,1700,29466.5,ZeroMinusTick,fa257a88-896b-d0a2-3e1b-4c14e994046f,5769256,0.05769256,1700.0,Regular
2023-07-27T04:46:05.133Z,XBTUSD,Sell,1100,29466.5,ZeroMinusTick,8809ad48-2446-af8c-dec5-c64ca39c922c,3733048,0.03733048,1100.0,Regular
2023-07-27T04:46:07.028Z,XBTUSD,Sell,9700,29466.5,ZeroMinusTick,427d4087-1246-17f8-07f4-bafd6e3f3c3d,32918696,0.32918696,9700.0,Regular
2023-07-27T04:46:07.028Z,XBTUSD,Sell,300,29466.5,ZeroMinusTick,6629bd6c-4ce5-100c-1e7b-e72f5aec8d9c,1018104,0.01018104,300.0,Regular
2023-07-27T04:46:11.763Z,XBTUSD,Sell,100,29463.5,MinusTick,00a5fd4e-5397-0a37-4129-a95fe0d35d6b,339403,0.00339403,100.0,Regular
2023-07-27T04:46:11.763Z,XBTUSD,Sell,3200,29463.5,ZeroMinusTick,54811b8f-719c-a31e-d5ec-9591876b6597,10860896,0.10860896,3200.0,Regular
2023-07-27T04:46:11.763Z,XBTUSD,Sell,2200,29460.5,MinusTick,3cc58c3a-4828-d318-ac7c-92ffd008e200,7467636,0.07467636,2200.0,Regular
2023-07-27T04:46:57.457Z,XBTUSD,Sell,100,29460.0,MinusTick,17d3e054-ad43-cdfb-0aae-f5c6b63187f8,339443,0.00339443,100.0,Regular
2023-07-27T04:46:57.457Z,XBTUSD,Sell,700,29460.0,ZeroMinusTick,ad7c9a4f-b751-5cd2-6eb5-a334d1dc85bd,2376101,0.02376101,700.0,Regular
2023-07-27T04:46:57.457Z,XBTUSD,Sell,12200,29460.0,ZeroMinusTick,24593ea9-e6ef-56b5-5bf4-be1f5380394b,41412046,0.41412046,12200.0,Regular
2023-07-27T04:46:58.851Z,XBTUSD,Buy,8000,29460.5,PlusTick,83a9837e-9c06-aa06-4fe7-18a380e49a68,27155040,0.2715504,8000.0,Regular
2023-07-27T04:46:58.851Z,XBTUSD,Buy,800,29460.5,ZeroPlusTick,87a72ae3-f282-3b07-a345-58a7e7782c27,2715504,0.02715504,800.0,Regular
2023-07-27T04:46:58.851Z,XBTUSD,Buy,5000,29460.5,ZeroPlusTick,5005722f-35aa-dbab-05b0-96c74f8e779d,16971900,0.169719,5000.0,Regular
2023-07-27T04:46:58.851Z,XBTUSD,Buy,3500,29460.5,ZeroPlusTick,084365f6-9649-4038-4915-3e9d06b1297e,11880330,0.1188033,3500.0,Regular
2023-07-27T04:46:58.851Z,XBTUSD,Buy,1600,29460.5,ZeroPlusTick,b8fb8427-1e2a-4fbc-83a2-b1c281a6d2d4,5431008,0.05431008,1600.0,Regular
2023-07-27T04:46:58.851Z,XBTUSD,Buy,10100,29460.5,ZeroPlusTick,f27af5d7-5bc5-8adb-34b0-6c25747e2495,34283238,0.34283238,10100.0,Regular
2023-07-27T04:46:58.972Z,XBTUSD,Sell,800,29460.0,MinusTick,3664fd4b-532e-2594-7647-0abe99a5abe5,2715544,0.02715544,800.0,Regular
2023-07-27T04:46:58.998Z,XBTUSD,Sell,800,29460.0,ZeroMinusTick,24f105df-a83b-59a5-bbd6-4f5fd24cade4,2715544,0.02715544,800.0,Regular
2023-07-27T04:46:59.023Z,XBTUSD,Sell,800,29460.0,ZeroMinusTick,9ad7abfe-e0a6-4ed3-37a1-a61a059949c5,2715544,0.02715544,800.0,Regular
2023-07-27T04:46:59.050Z,XBTUSD,Sell,800,29460.0,ZeroMinusTick,b6b83c14-d0b3-0f69-bb43-9192d37dbce8,2715544,0.02715544,800.0,Regular
2023-07-27T04:46:59.054Z,XBTUSD,Sell,4100,29460.0,ZeroMinusTick,21f9a450-38f5-bc5b-ec35-998d1aa58057,13917163,0.13917163,4100.0,Regular
2023-07-27T04:46:59.054Z,XBTUSD,Sell,400,29460.0,ZeroMinusTick,efc26033-0872-bc43-0a08-17a5725ea4cc,1357772,0.01357772,400.0,Regular
2023-07-27T04:46:59.054Z,XBTUSD,Sell,400,29460.0,ZeroMinusTick,d5b1648c-80ea-7448-d778-c64698cd1590,1357772,0.01357772,400.0,Regular
2023-07-27T04:46:59.054Z,XBTUSD,Sell,10600,29460.0,ZeroMinusTick,b0f08910-778f-7829-4ba1-8c8bd710d013,35980958,0.35980958,10600.0,Regular
2023-07-27T04:46:59.076Z,XBTUSD,Sell,800,29460.0,ZeroMinusTick,f32f5e79-5587-3afc-bb95-40589b1188c0,2715544,0.02715544,800.0,Regular
2023-07-27T04:46:59.101Z,XBTUSD,Sell,800,29460.0,ZeroMinusTick,1c36868f-81ca-2bad-2c9d-99875e5d700f,2715544,0.02715544,800.0,Regular
2023-07-27T04:47:03.147Z,XBTUSD,Sell,7500,29460.0,ZeroMinusTick,8669f3c4-0ad8-fd7a-1b5c-de30c6656f30,25458225,0.25458225,7500.0,Regular
2023-07-27T04:47:03.147Z,XBTUSD,Sell,800,29460.0,ZeroMinusTick,2c0b1869-b4a1-2ab6-51c3-8292b95b149e,2715544,0.02715544,800.0,Regular
2023-07-27T04:47:03.147Z,XBTUSD,Sell,3000,29460.0,ZeroMinusTick,7575d968-c1cb-2d6a-9292-9a1796f10f8a,10183290,0.1018329,3000.0,Regular
2023-07-27T04:47:03.147Z,XBTUSD,Sell,4900,29460.0,ZeroMinusTick,21ab771d-aac2-b053-2080-cf6377ff1c8f,16632707,0.16632707,4900.0,Regular
2023-07-27T04:47:03.147Z,XBTUSD,Sell,4400,29459.5,MinusTick,6082c9aa-2a44-2b6d-efec-fa5668771f8a,14935756,0.14935756,4400.0,Regular
2023-07-27T04:47:03.147Z,XBTUSD,Sell,100,29456.0,MinusTick,9301c747-bcd0-89ae-2ea3-aeceb4cbd207,339489,0.00339489,100.0,Regular
2023-07-27T04:47:03.147Z,XBTUSD,Sell,3300,29456.0,ZeroMinusTick,110db9c9-43f3-4ad1-865a-24e9b030d355,11203137,0.11203137,3300.0,Regular
2023-07-27T04:47:03.147Z,XBTUSD,Sell,6000,29456.0,ZeroMinusTick,dd6f0f67-6f70-91e5-699b-9bf2b1651233,20369340,0.2036934,6000.0,Regular
2023-07-27T04:47:11.980Z,XBTUSD,Buy,800,29456.5,PlusTick,ecc8b7b2-e26a-99bc-cf69-91cf0bc8dc1c,2715872,0.02715872,800.0,Regular
2023-07-27T04:47:11.980Z,XBTUSD,Buy,100,29456.5,ZeroPlusTick,7fa2530b-a1b8-5365-f1e4-6e4505a44693,339484,0.00339484,100.0,Regular
2023-07-27T04:47:11.980Z,XBTUSD,Buy,200,29456.5,ZeroPlusTick,71dee0ee-5c96-f34c-d861-6bc6cccc4bbd,678968,0.00678968,200.0,Regular
2023-07-27T04:47:11.980Z,XBTUSD,Buy,11200,29456.5,ZeroPlusTick,9fe2b043-ef83-f82d-eed2-e7809c22ade8,38022208,0.38022208,11200.0,Regular
2023-07-27T04:47:11.980Z,XBTUSD,Buy,200,29456.5,ZeroPlusTick,afb2ab07-31ba-64d8-63c6-57051344c09a,678968,0.00678968,200.0,Regular
2023-07-27T04:47:11.980Z,XBTUSD,Buy,200,29456.5,ZeroPlusTick,6daec37b-c262-46ca-8818-869ca0f51005,678968,0.00678968,200.0,Regular
2023-07-27T04:47:11.980Z,XBTUSD,Buy,800,29457.0,PlusTick,bc88dc6b-3666-1700-6eda-473672722c33,2715824,0.02715824,800.0,Regular
2023-07-27T04:48:10.067Z,XBTUSD,Sell,100,29459.0,PlusTick,0229e77c-bc8f-224d-035e-67096a5ac2f6,339455,0.00339455,100.0,Regular
2023-07-27T04:48:10.067Z,XBTUSD,Sell,100,29459.0,ZeroPlusTick,f256df5a-7570-a940-713a-94c833482da9,339455,0.00339455,100.0,Regular
2023-07-27T04:48:10.067Z,XBTUSD,Sell,100,29459.0,ZeroPlusTick,fd919a24-e4e0-9902-58c7-67354499b6d8,339455,0.00339455,100.0,Regular
2023-07-27T04:48:10.067Z,XBTUSD,Sell,2700,29459.0,ZeroPlusTick,00b4c560-186a-0cfb-f0e8-82ee2388ef80,9165285,0.09165285,2700.0,Regular
2023-07-27T04:48:10.067Z,XBTUSD,Sell,1200,29459.0,ZeroPlusTick,ea5c92d8-842a-9d3c-c57a-90a63d474173,4073460,0.0407346,1200.0,Regular
2023-07-27T04:48:10.067Z,XBTUSD,Sell,100,29459.0,ZeroPlusTick,c8129e33-11a2-d24c-7850-40bf0322959c,339455,0.00339455,100.0,Regular
2023-07-27T04:48:10.067Z,XBTUSD,Sell,5700,29459.0,ZeroPlusTick,0a89ff74-7798-ebc4-d354-6236d05d47dd,19348935,0.19348935,5700.0,Regular
2023-07-27T04:50:08.419Z,XBTUSD,Buy,6700,29459.5,PlusTick,31a7031e-1ab9-1785-0b22-5d9747d838b0,22743083,0.22743083,6700.0,Regular
2023-07-27T04:50:08.419Z,XBTUSD,Buy,5800,29459.5,ZeroPlusTick,89095a1c-37ac-52a4-cedd-a095acd351bb,19688042,0.19688042,5800.0,Regular
2023-07-27T04:50:08.419Z,XBTUSD,Buy,100,29459.5,ZeroPlusTick,ab6aa0b8-9351-4a23-3ccd-808127a16831,339449,0.00339449,100.0,Regular
2023-07-27T04:50:08.419Z,XBTUSD,Buy,800,29459.5,ZeroPlusTick,8e3eb50c-a38c-1c22-1e96-a7c40044bcab,2715592,0.02715592,800.0,Regular
2023-07-27T04:50:08.419Z,XBTUSD,Buy,200,29459.5,ZeroPlusTick,3b690a9f-1d17-fa3b-f743-419389cd7e17,678898,0.00678898,200.0,Regular
2023-07-27T04:50:08.419Z,XBTUSD,Buy,2800,29459.5,ZeroPlusTick,7ac3bfd5-93aa-9728-a0b5-820ed9b0382a,9504572,0.09504572,2800.0,Regular
2023-07-27T04:50:08.419Z,XBTUSD,Buy,3000,29459.5,ZeroPlusTick,b2cb27d9-3284-cf18-9233-6617ef2dd506,10183470,0.1018347,3000.0,Regular
2023-07-27T04:50:08.419Z,XBTUSD,Buy,700,29459.5,ZeroPlusTick,dac290aa-bd8c-eaf8-94de-3018e72c1a78,2376143,0.02376143,700.0,Regular
2023-07-27T04:50:08.419Z,XBTUSD,Buy,200,29459.5,ZeroPlusTick,526f4ff0-f541-2644-23b9-25db0d7f9ed8,678898,0.00678898,200.0,Regular
2023-07-27T04:50:08.419Z,XBTUSD,Buy,5400,29459.5,ZeroPlusTick,e9746c34-b561-7eba-ac26-407b963873f6,18330246,0.18330246,5400.0,Regular
2023-07-27T04:50:08.419Z,XBTUSD,Buy,8700,29459.5,ZeroPlusTick,7fbdb10a-3a01-9f7d-2c72-3ffc16b6b32c,29532063,0.29532063,8700.0,Regular
2023-07-27T04:50:08.419Z,XBTUSD,Buy,55900,29459.5,ZeroPlusTick,3b0ab693-7386-dd0e-bf78-f8bb9d1a1aa1,189751991,1.89751991,55900.0,Regular
2023-07-27T04:50:08.419Z,XBTUSD,Buy,500,29459.5,ZeroPlusTick,3a60b21d-6ff5-e3a8-1d27-db05796a18f6,1697245,0.01697245,500.0,Regular
2023-07-27T04:50:08.419Z,XBTUSD,Buy,500,29459.5,ZeroPlusTick,8e662573-9efd-ff94-8a91-8bcdc87c0fd2,1697245,0.01697245,500.0,Regular
2023-07-27T04:50:08.419Z,XBTUSD,Buy,3800,29459.5,ZeroPlusTick,79d6190c-153e-c07c-785f-93318db6aa4b,12899062,0.12899062,3800.0,Regular
2023-07-27T04:50:08.419Z,XBTUSD,Buy,100,29459.5,ZeroPlusTick,48b4b1c4-a338-4767-7476-13bbcecb0da5,339449,0.00339449,100.0,Regular
2023-07-27T04:50:08.419Z,XBTUSD,Buy,28300,29459.5,ZeroPlusTick,e824dc6b-7a30-575a-438c-873a40345524,96064067,0.96064067,28300.0,Regular
2023-07-27T04:50:08.434Z,XBTUSD,Buy,800,29460.0,PlusTick,4fc80e67-f86d-0d59-8464-7710749f0be3,2715544,0.02715544,800.0,Regular
2023-07-27T04:50:08.434Z,XBTUSD,Buy,100,29460.0,ZeroPlusTick,dba7cc58-3b82-bfab-8a02-6e13e5aa0039,339443,0.00339443,100.0,Regular
2023-07-27T04:50:08.434Z,XBTUSD,Buy,500,29460.5,PlusTick,4206f66b-902f-0dc8-b83e-3b9a90f60ce3,1697190,0.0169719,500.0,Regular
2023-07-27T04:50:08.434Z,XBTUSD,Buy,40500,29461.0,PlusTick,397eec36-884b-e0c6-2bed-dbb02ef4022a,137469960,1.3746996,40500.0,Regular
2023-07-27T04:50:13.686Z,XBTUSD,Buy,5000,29464.0,PlusTick,9da64ccc-3a1c-77c2-e3db-0d26b0d00859,16969850,0.1696985,5000.0,Regular
2023-07-27T04:50:13.686Z,XBTUSD,Buy,1000,29464.0,ZeroPlusTick,6493bf19-91a0-9031-cbfb-9662895d7beb,3393970,0.0339397,1000.0,Regular
2023-07-27T04:50:13.686Z,XBTUSD,Buy,29900,29464.0,ZeroPlusTick,f8f50ffd-30c7-fcbf-8ea2-1c0d15d7c98c,101479703,1.01479703,29900.0,Regular
2023-07-27T04:50:13.686Z,XBTUSD,Buy,32400,29464.0,ZeroPlusTick,3521d6d5-a319-3064-0f9e-5090ba855469,109964628,1.09964628,32400.0,Regular
2023-07-27T04:50:13.686Z,XBTUSD,Buy,800,29464.0,ZeroPlusTick,89d1dcc4-8a15-a6b9-adb0-22f4fa89abaa,2715176,0.02715176,800.0,Regular
2023-07-27T04:50:13.686Z,XBTUSD,Buy,29900,29464.0,ZeroPlusTick,a6aadab9-c5dd-b03a-6e5a-077b4993fa86,101479703,1.01479703,29900.0,Regular
2023-07-27T04:51:30.734Z,XBTUSD,Buy,100,29467.0,PlusTick,debdfc57-ba2c-1f60-460a-590e2966ba28,339363,0.00339363,100.0,Regular
2023-07-27T04:51:30.734Z,XBTUSD,Buy,400,29467.0,ZeroPlusTick,a225625c-af2a-2b1b-063b-c08899211326,1357452,0.01357452,400.0,Regular
2023-07-27T04:52:25.800Z,XBTUSD,Buy,4600,29467.0,ZeroPlusTick,68834440-e2bb-d51d-b7a6-9e30ca56a2e1,15610698,0.15610698,4600.0,Regular
2023-07-27T04:52:25.800Z,XBTUSD,Buy,800,29467.0,ZeroPlusTick,ea88dec6-f6dc-55f0-7a76-0bd3d09e1547,2714904,0.02714904,800.0,Regular
2023-07-27T04:52:25.800Z,XBTUSD,Buy,32400,29467.0,ZeroPlusTick,8aa1aa6e-be62-d32b-befb-f8e77eba70bd,109953612,1.09953612,32400.0,Regular
2023-07-27T04:52:25.800Z,XBTUSD,Buy,1200,29467.0,ZeroPlusTick,8400ca35-7974-b71a-f47b-67033d945164,4072356,0.04072356,1200.0,Regular
2023-07-27T04:52:25.800Z,XBTUSD,Buy,2700,29467.0,ZeroPlusTick,1b2324b7-2783-5a96-d4af-39b2450e317e,9162801,0.09162801,2700.0,Regular
2023-07-27T04:52:25.800Z,XBTUSD,Buy,2800,29467.0,ZeroPlusTick,db83a2b6-5b1a-a14f-a742-0fa06d851243,9502164,0.09502164,2800.0,Regular
2023-07-27T04:52:25.800Z,XBTUSD,Buy,200,29467.0,ZeroPlusTick,5e92acfc-0596-6188-c367-510e24e828bc,678726,0.00678726,200.0,Regular
2023-07-27T04:52:25.800Z,XBTUSD,Buy,29900,29467.0,ZeroPlusTick,bf7f7bb4-7265-96a0-b602-55a3bdb87328,101469537,1.01469537,29900.0,Regular
2023-07-27T04:52:43.288Z,XBTUSD,Buy,800,29467.5,PlusTick,b0ee7f20-bce1-40ed-4e34-946160ea89cb,2714856,0.02714856,800.0,Regular
2023-07-27T04:52:43.288Z,XBTUSD,Buy,5000,29467.5,ZeroPlusTick,5d8c3cc2-6f8b-6cdd-3d13-ddfe5cd78c55,16967850,0.1696785,5000.0,Regular
2023-07-27T04:52:43.288Z,XBTUSD,Buy,27300,29467.5,ZeroPlusTick,087a3166-a68d-5baa-64c9-f848276ed1cd,92644461,0.92644461,27300.0,Regular
2023-07-27T04:52:43.288Z,XBTUSD,Buy,300,29467.5,ZeroPlusTick,804de223-4156-cc4b-99cf-eaea80cdbb24,1018071,0.01018071,300.0,Regular
2023-07-27T04:52:43.288Z,XBTUSD,Buy,700,29467.5,ZeroPlusTick,047137c5-b1a1-47e8-5a0c-5ea489a495cd,2375499,0.02375499,700.0,Regular
2023-07-27T04:52:44.213Z,XBTUSD,Buy,800,29468.0,PlusTick,5b70f1fb-5303-ae50-ccda-7d85a928c83d,2714808,0.02714808,800.0,Regular
2023-07-27T04:52:44.213Z,XBTUSD,Buy,1000,29468.0,ZeroPlusTick,e8265522-aba3-b707-1ff2-6d2da3500ff6,3393510,0.0339351,1000.0,Regular
2023-07-27T04:52:44.213Z,XBTUSD,Buy,29900,29468.0,ZeroPlusTick,7007c675-2609-0339-eb41-ab54f3dd4c0a,101465949,1.01465949,29900.0,Regular
2023-07-27T04:52:44.258Z,XBTUSD,Buy,100,29468.0,ZeroPlusTick,679b4ed3-5ce6-fbea-6e4f-2508a525bbab,339351,0.00339351,100.0,Regular
2023-07-27T04:52:44.265Z,XBTUSD,Buy,800,29468.0,ZeroPlusTick,0a3c4db8-9dbb-d12d-8d9f-b0c2979d08f4,2714808,0.02714808,800.0,Regular
2023-07-27T04:52:44.265Z,XBTUSD,Buy,5000,29468.5,PlusTick,02b51a05-e847-5341-371a-ec7df04ea58a,16967250,0.1696725,5000.0,Regular
2023-07-27T04:52:44.265Z,XBTUSD,Buy,800,29468.5,ZeroPlusTick,3352b5f4-9eb7-727c-f3ab-ccb45e60df2d,2714760,0.0271476,800.0,Regular
2023-07-27T04:52:44.265Z,XBTUSD,Buy,100,29470.0,PlusTick,9a0074a6-9866-749f-aa9f-79044d7d943f,339328,0.00339328,100.0,Regular
2023-07-27T04:52:44.265Z,XBTUSD,Buy,26500,29471.0,PlusTick,ea613a56-8ab7-a721-0432-23eea9eb566f,89919005,0.89919005,26500.0,Regular
2023-07-27T04:52:54.799Z,XBTUSD,Buy,21300,29471.0,ZeroPlusTick,c1a03cba-fb47-752f-974c-0bb0f54c487f,72274521,0.72274521,21300.0,Regular
2023-07-27T04:52:54.862Z,XBTUSD,Buy,7000,29471.0,ZeroPlusTick,7529f595-b32e-45ae-5395-e49ec368d2cd,23752190,0.2375219,7000.0,Regular
2023-07-27T04:52:54.862Z,XBTUSD,Buy,100,29471.0,ZeroPlusTick,f337c3e4-b60a-15f8-3e2c-a81151cada49,339317,0.00339317,100.0,Regular
2023-07-27T04:52:54.862Z,XBTUSD,Buy,29400,29471.0,ZeroPlusTick,766b60f4-7110-0865-d426-227ac41ef070,99759198,0.99759198,29400.0,Regular
