timestamp,symbol,side,size,price,tickDirection,trdMatchID,grossValue,homeNotional,foreignNotional,trdType
2023-07-27T15:59:58.638Z,XBTUSD,Sell,31800,29275.5,ZeroMinusTick,df266ba3-d255-1e80-4d48-7dc8a2bd8ad3,108623394,1.08623394,31800.0,Regular
2023-07-27T16:00:04.866Z,XBTUSD,Sell,200,29273.5,MinusTick,92ec2187-3517-6369-8aff-d5357f9dd01f,683212,0.00683212,200.0,Regular
2023-07-27T16:00:04.866Z,XBTUSD,Sell,200,29273.5,ZeroMinusTick,df37ae2a-f29a-5073-f8a6-e3630e2827e9,683212,0.00683212,200.0,Regular
2023-07-27T16:00:04.866Z,XBTUSD,Sell,3800,29273.5,ZeroMinusTick,3c8657c9-c065-3408-de70-e80e5215c9a1,12981028,0.12981028,3800.0,Regular
2023-07-27T16:00:04.866Z,XBTUSD,Sell,600,29273.0,MinusTick,a034d973-db37-44ef-e464-3da497eefd33,2049672,0.02049672,600.0,Regular
2023-07-27T16:00:04.866Z,XBTUSD,Sell,400,29272.5,MinusTick,e5f46bff-1767-3610-73c4-3b9640f258d7,1366472,0.01366472,400.0,Regular
2023-07-27T16:00:04.874Z,XBTUSD,Sell,2200,29272.5,ZeroMinusTick,ab75fc6f-43bf-29b4-4137-fc33d83efd77,7515596,0.07515596,2200.0,Regular
2023-07-27T16:00:05.044Z,XBTUSD,Sell,2000,29272.5,ZeroMinusTick,3d57c1a5-ce01-afda-56fc-477f5e5f7b9f,6832360,0.0683236,2000.0,Regular
2023-07-27T16:00:05.286Z,XBTUSD,Sell,5500,29272.5,ZeroMinusTick,7895abe2-51c2-5d54-5d08-026a6f4069ca,18788990,0.1878899,5500.0,Regular
2023-07-27T16:00:05.642Z,XBTUSD,Sell,1300,29272.5,ZeroMinusTick,5d7dfb67-e7d9-813c-9e64-919b39e19a80,4441034,0.04441034,1300.0,Regular
2023-07-27T16:00:13.740Z,XBTUSD,Sell,28600,29272.5,ZeroMinusTick,e88ded50-31cc-1a8b-495c-50dbe5044742,97702748,0.97702748,28600.0,Regular
2023-07-27T16:00:20.275Z,XBTUSD,Sell,100,29270.5,MinusTick,f8175bef-825c-f59c-357b-82b7f817dcbc,341641,0.00341641,100.0,Regular
2023-07-27T16:00:20.275Z,XBTUSD,Sell,1400,29270.5,ZeroMinusTick,576fc09d-c59b-491e-24aa-eed4082eb346,4782974,0.04782974,1400.0,Regular
2023-07-27T16:00:20.275Z,XBTUSD,Sell,2500,29270.5,ZeroMinusTick,3bc18827-1491-aade-5203-060a799d11fa,8541025,0.08541025,2500.0,Regular
2023-07-27T16:00:20.275Z,XBTUSD,Sell,18800,29270.5,ZeroMinusTick,b94ca026-10bb-b064-12ea-fa6100455608,64228508,0.64228508,18800.0,Regular
2023-07-27T16:00:25.925Z,XBTUSD,Sell,100,29270.0,MinusTick,c985fa81-f8ca-f428-3e62-66551fdff07d,341647,0.00341647,100.0,Regular
2023-07-27T16:00:40.011Z,XBTUSD,Sell,500,29270.0,ZeroMinusTick,c00aaf7d-4413-7029-34a0-d6458a4d261c,1708235,0.01708235,500.0,Regular
2023-07-27T16:00:40.011Z,XBTUSD,Sell,100,29270.0,ZeroMinusTick,2023fb12-4ccf-d408-6599-a9e97fc64beb,341647,0.00341647,100.0,Regular
2023-07-27T16:00:40.011Z,XBTUSD,Sell,700,29270.0,ZeroMinusTick,d1eb9135-d40d-340d-058b-8cc85cd3de08,2391529,0.02391529,700.0,Regular
2023-07-27T16:00:42.579Z,XBTUSD,Buy,13700,29270.5,PlusTick,5fd29558-91f2-51b0-17ad-3113cfa38fd2,46804817,0.46804817,13700.0,Regular
2023-07-27T16:00:42.579Z,XBTUSD,Buy,1100,29270.5,ZeroPlusTick,3afa7ad7-1d3b-d077-caab-dd9d5cfb3b53,3758051,0.03758051,1100.0,Regular
2023-07-27T16:00:42.579Z,XBTUSD,Buy,2300,29270.5,ZeroPlusTick,eee340ac-6993-33d5-6a05-15839dd5e10b,7857743,0.07857743,2300.0,Regular
2023-07-27T16:00:42.579Z,XBTUSD,Buy,100,29270.5,ZeroPlusTick,8cb03bb9-6bae-e62f-edf3-d36df73790d6,341641,0.00341641,100.0,Regular
2023-07-27T16:00:42.579Z,XBTUSD,Buy,400,29270.5,ZeroPlusTick,2f4a033f-0f18-4401-10b3-70e89b5ba656,1366564,0.01366564,400.0,Regular
2023-07-27T16:00:42.579Z,XBTUSD,Buy,1000,29270.5,ZeroPlusTick,9e33346d-896e-353b-fd0e-57566cfb157b,3416410,0.0341641,1000.0,Regular
2023-07-27T16:00:42.579Z,XBTUSD,Buy,200,29270.5,ZeroPlusTick,dd1d517c-1e08-a7d2-94c5-9f9c7a380b24,683282,0.00683282,200.0,Regular
2023-07-27T16:00:42.579Z,XBTUSD,Buy,1200,29270.5,ZeroPlusTick,6438dd50-c306-fa8e-6d7e-2772eb51a612,4099692,0.04099692,1200.0,Regular
2023-07-27T16:00:42.579Z,XBTUSD,Buy,100,29270.5,ZeroPlusTick,29fe7b46-4fb9-f822-7ec8-7aff454ec37c,341641,0.00341641,100.0,Regular
2023-07-27T16:00:42.579Z,XBTUSD,Buy,19600,29270.5,ZeroPlusTick,a18a186c-cf6d-391c-c310-5be019ad3e45,66961636,0.66961636,19600.0,Regular
2023-07-27T16:00:42.579Z,XBTUSD,Buy,3300,29270.5,ZeroPlusTick,6af2fdc4-aaec-d442-b4b3-131840a17eb5,11274153,0.11274153,3300.0,Regular
2023-07-27T16:00:42.579Z,XBTUSD,Buy,200,29270.5,ZeroPlusTick,5b15425e-baba-732f-fd3b-575b59207381,683282,0.00683282,200.0,Regular
2023-07-27T16:00:42.579Z,XBTUSD,Buy,12700,29271.5,PlusTick,4a82b1fb-02fc-9e14-6870-c9e2b7d51220,43386883,0.43386883,12700.0,Regular
2023-07-27T16:00:42.614Z,XBTUSD,Buy,43200,29271.5,ZeroPlusTick,b6315f7f-eb5f-802d-1749-5af1883b94b7,147583728,1.47583728,43200.0,Regular
2023-07-27T16:00:42.614Z,XBTUSD,Buy,300,29272.0,PlusTick,93ded913-49d0-909b-f149-42d9853ad293,1024869,0.01024869,300.0,Regular
2023-07-27T16:00:42.614Z,XBTUSD,Buy,300,29272.0,ZeroPlusTick,dfbbb03b-c2bf-93ce-392c-f68b7b9c6d3c,1024869,0.01024869,300.0,Regular
2023-07-27T16:00:42.955Z,XBTUSD,Buy,300,29273.5,PlusTick,ff23aee4-f81f-c020-63d7-c0efb7693968,1024818,0.01024818,300.0,Regular
2023-07-27T16:00:42.955Z,XBTUSD,Buy,300,29273.5,ZeroPlusTick,584e9f56-89a8-0232-5436-afd38a20fc5e,1024818,0.01024818,300.0,Regular
2023-07-27T16:00:43.136Z,XBTUSD,Buy,172000,29275.0,PlusTick,ea9478af-fdc3-abaf-f695-1ea0b45666ef,587531360,5.8753136,172000.0,Regular
2023-07-27T16:00:43.136Z,XBTUSD,Buy,800,29275.0,ZeroPlusTick,707928eb-d0aa-737a-5a62-d26d0a873570,2732704,0.02732704,800.0,Regular
2023-07-27T16:00:43.136Z,XBTUSD,Buy,39900,29275.0,ZeroPlusTick,230ab013-07e2-7c52-f88e-f79f94bbd6ba,136293612,1.36293612,39900.0,Regular
2023-07-27T16:00:43.150Z,XBTUSD,Buy,10000,29275.0,ZeroPlusTick,7072c50a-4a66-e69e-8e52-699278bcb376,34158800,0.341588,10000.0,Regular
2023-07-27T16:00:43.150Z,XBTUSD,Buy,43900,29275.5,PlusTick,2ccc02b2-8309-c765-0403-0913dd0b1b18,149954937,1.49954937,43900.0,Regular
2023-07-27T16:00:43.186Z,XBTUSD,Buy,131100,29275.5,ZeroPlusTick,c5be5677-4183-237d-b5fe-ac469c3a2303,447815313,4.47815313,131100.0,Regular
2023-07-27T16:00:43.186Z,XBTUSD,Buy,800,29275.5,ZeroPlusTick,b53e3921-a926-26b2-095c-53846e43895a,2732664,0.02732664,800.0,Regular
2023-07-27T16:00:45.729Z,XBTUSD,Buy,100,29277.0,PlusTick,104950ac-d443-32d9-513e-b596f1b1c21a,341565,0.00341565,100.0,Regular
2023-07-27T16:00:45.729Z,XBTUSD,Buy,13700,29277.0,ZeroPlusTick,6d92966e-efc0-9eca-e7cc-2f392d679356,46794405,0.46794405,13700.0,Regular
2023-07-27T16:00:51.903Z,XBTUSD,Sell,300,29279.5,PlusTick,dcf76820-26b7-4b15-f3e3-0bfe3de0856e,1024608,0.01024608,300.0,Regular
2023-07-27T16:00:53.518Z,XBTUSD,Sell,900,29279.5,ZeroPlusTick,c2348b0a-04a9-9fed-bdf7-29ec7b47db72,3073824,0.03073824,900.0,Regular
2023-07-27T16:00:55.121Z,XBTUSD,Sell,2400,29279.5,ZeroPlusTick,4e833624-226a-53c4-b09a-784a2694f779,8196864,0.08196864,2400.0,Regular
2023-07-27T16:01:09.023Z,XBTUSD,Buy,300,29280.0,PlusTick,07b8a2da-4483-bc13-cbcf-71537d957bd4,1024590,0.0102459,300.0,Regular
2023-07-27T16:01:09.023Z,XBTUSD,Buy,300,29280.0,ZeroPlusTick,221e8485-afdf-007b-f6c8-51be4f4e9be4,1024590,0.0102459,300.0,Regular
2023-07-27T16:01:09.023Z,XBTUSD,Buy,600,29280.0,ZeroPlusTick,e249ee5e-22f8-9350-eaea-d8f146a90bdf,2049180,0.0204918,600.0,Regular
2023-07-27T16:01:09.023Z,XBTUSD,Buy,100,29280.0,ZeroPlusTick,654aef33-0e0c-d93a-cfac-4d50ff9dc760,341530,0.0034153,100.0,Regular
2023-07-27T16:01:09.023Z,XBTUSD,Buy,100,29280.0,ZeroPlusTick,2649ebce-456b-fa44-a777-435fa62b64e9,341530,0.0034153,100.0,Regular
2023-07-27T16:01:09.023Z,XBTUSD,Buy,200,29280.0,ZeroPlusTick,bd28c02f-0d75-6819-402d-980626c4ad42,683060,0.0068306,200.0,Regular
2023-07-27T16:01:09.023Z,XBTUSD,Buy,100,29280.0,ZeroPlusTick,4dbcadac-ef1b-9148-6848-e1b42c1838e9,341530,0.0034153,100.0,Regular
2023-07-27T16:01:09.023Z,XBTUSD,Buy,600,29280.0,ZeroPlusTick,a3a9008e-939b-8fc1-87fe-c123ea9e59a7,2049180,0.0204918,600.0,Regular
2023-07-27T16:01:12.420Z,XBTUSD,Sell,100,29279.5,MinusTick,4b54d9a3-32f0-c187-c6d2-969ad8431a14,341536,0.00341536,100.0,Regular
2023-07-27T16:01:23.323Z,XBTUSD,Buy,4300,29280.0,PlusTick,c2b15ec4-f7c6-a1a1-02e8-ce494543ab80,14685790,0.1468579,4300.0,Regular
2023-07-27T16:01:23.323Z,XBTUSD,Buy,2400,29280.0,ZeroPlusTick,4923c51f-4a0f-6220-d10c-1e7a832b9208,8196720,0.0819672,2400.0,Regular
2023-07-27T16:01:23.323Z,XBTUSD,Buy,8400,29280.0,ZeroPlusTick,756ec5e8-838e-a24d-4679-c07a04318b84,28688520,0.2868852,8400.0,Regular
2023-07-27T16:01:23.323Z,XBTUSD,Buy,300,29280.0,ZeroPlusTick,8f8a41d2-2674-6d17-eed5-5062460e0760,1024590,0.0102459,300.0,Regular
2023-07-27T16:01:23.323Z,XBTUSD,Buy,300,29280.0,ZeroPlusTick,a2d4548a-8bc2-9f32-d607-3f814f2c658f,1024590,0.0102459,300.0,Regular
2023-07-27T16:01:23.323Z,XBTUSD,Buy,3000,29280.0,ZeroPlusTick,d77455e9-5b59-c0d4-87ee-5fc6ba8cfa44,10245900,0.102459,3000.0,Regular
2023-07-27T16:01:23.323Z,XBTUSD,Buy,100,29280.0,ZeroPlusTick,a317715a-971b-42cf-aeef-1655f381f0ba,341530,0.0034153,100.0,Regular
2023-07-27T16:01:24.020Z,XBTUSD,Buy,2200,29282.0,PlusTick,33dc046a-95e3-4a30-0a19-28aaa2cda565,7513154,0.07513154,2200.0,Regular
2023-07-27T16:01:24.020Z,XBTUSD,Buy,5000,29282.0,ZeroPlusTick,8095a9e0-7af0-a76e-2fab-3ad1bc9a35af,17075350,0.1707535,5000.0,Regular
2023-07-27T16:01:24.020Z,XBTUSD,Buy,300,29282.0,ZeroPlusTick,c4f1c322-bf4f-d154-1768-556d17e7b5d7,1024521,0.01024521,300.0,Regular
2023-07-27T16:01:24.020Z,XBTUSD,Buy,300,29282.0,ZeroPlusTick,c69de986-58b1-3fdf-d5a6-f14c4591c89c,1024521,0.01024521,300.0,Regular
2023-07-27T16:01:24.020Z,XBTUSD,Buy,100,29283.0,PlusTick,62716ff9-8662-f716-048d-04e84f449876,341495,0.00341495,100.0,Regular
2023-07-27T16:01:24.020Z,XBTUSD,Buy,22400,29283.5,PlusTick,6b1939a7-3346-47e9-ebe8-73fcb71ec2be,76493536,0.76493536,22400.0,Regular
2023-07-27T16:01:24.020Z,XBTUSD,Buy,800,29283.5,ZeroPlusTick,29e3faeb-3f3b-25d5-14fc-4ac1854e965f,2731912,0.02731912,800.0,Regular
2023-07-27T16:01:24.020Z,XBTUSD,Buy,4000,29283.5,ZeroPlusTick,cc2c8f01-51dd-9349-9d5b-2cded9cb8c09,13659560,0.1365956,4000.0,Regular
2023-07-27T16:01:25.728Z,XBTUSD,Sell,10000,29283.0,MinusTick,b36a7308-e95b-5d97-1e8c-e9699e16f3d5,34149500,0.341495,10000.0,Regular
2023-07-27T16:01:25.728Z,XBTUSD,Sell,25800,29283.0,ZeroMinusTick,dc6b69ac-f6e2-c13f-7f4e-6b170680daee,88105710,0.8810571,25800.0,Regular
2023-07-27T16:01:25.728Z,XBTUSD,Sell,13700,29283.0,ZeroMinusTick,6fbb9fa4-d90f-f37b-4b7d-88e3caadb318,46784815,0.46784815,13700.0,Regular
2023-07-27T16:01:25.868Z,XBTUSD,Sell,100,29281.5,MinusTick,2e9be965-484c-fe68-1fb1-ab29a3e85d82,341513,0.00341513,100.0,Regular
2023-07-27T16:01:25.868Z,XBTUSD,Sell,46700,29281.5,ZeroMinusTick,9575a6df-75bc-9f64-db02-603333fa234b,159486571,1.59486571,46700.0,Regular
2023-07-27T16:01:25.868Z,XBTUSD,Sell,29900,29281.5,ZeroMinusTick,b822569e-386e-a87b-09cb-3991150722e6,102112387,1.02112387,29900.0,Regular
2023-07-27T16:01:25.868Z,XBTUSD,Sell,2700,29281.5,ZeroMinusTick,542cddd5-32d4-7689-cc07-0a3a0872a5bb,9220851,0.09220851,2700.0,Regular
2023-07-27T16:01:25.889Z,XBTUSD,Sell,10400,29280.0,MinusTick,37884401-fcb6-4c24-293c-e3a3123594fc,35519120,0.3551912,10400.0,Regular
2023-07-27T16:01:25.889Z,XBTUSD,Sell,100,29279.5,MinusTick,26922635-731e-11bb-141e-f4679de69a4c,341536,0.00341536,100.0,Regular
2023-07-27T16:01:25.889Z,XBTUSD,Sell,4700,29279.5,ZeroMinusTick,5207ce45-f7f4-b4ac-3219-343de8cec0bb,16052192,0.16052192,4700.0,Regular
2023-07-27T16:01:25.889Z,XBTUSD,Sell,100,29279.5,ZeroMinusTick,6b1f4624-444c-9faa-e175-ad7f4271340e,341536,0.00341536,100.0,Regular
2023-07-27T16:01:25.889Z,XBTUSD,Sell,1200,29279.5,ZeroMinusTick,00915a5b-1b6f-ed1f-4342-bd9b74258742,4098432,0.04098432,1200.0,Regular
2023-07-27T16:01:25.889Z,XBTUSD,Sell,10500,29279.5,ZeroMinusTick,737e3991-3900-e8c5-8bca-13fe7f4d6e55,35861280,0.3586128,10500.0,Regular
2023-07-27T16:01:34.741Z,XBTUSD,Buy,2300,29277.0,MinusTick,9936ca5e-3aeb-b2e2-1e6d-7a50fb8deb21,7855995,0.07855995,2300.0,Regular
2023-07-27T16:01:52.901Z,XBTUSD,Sell,5800,29279.5,PlusTick,e38dde39-65a8-3722-8864-3419c0c8a1a9,19809088,0.19809088,5800.0,Regular
2023-07-27T16:02:12.167Z,XBTUSD,Buy,100,29280.0,PlusTick,b69ae14f-4e45-8758-de26-6e6c69ec0e8b,341530,0.0034153,100.0,Regular
2023-07-27T16:02:12.920Z,XBTUSD,Sell,17500,29279.5,MinusTick,4b56cc9a-1ebe-d584-13b5-afa227fcb574,59768800,0.597688,17500.0,Regular
2023-07-27T16:02:12.920Z,XBTUSD,Sell,100,29279.5,ZeroMinusTick,eba7020a-b100-a87c-6fcb-8da6e0ec26e6,341536,0.00341536,100.0,Regular
2023-07-27T16:02:12.920Z,XBTUSD,Sell,100000,29279.5,ZeroMinusTick,df7d8923-bf90-0525-4298-191361c823fa,341536000,3.41536,100000.0,Regular
2023-07-27T16:02:13.256Z,XBTUSD,Sell,5800,29279.0,MinusTick,e4a79321-ddf0-bd03-2ce1-76ebe7a781f5,19809436,0.19809436,5800.0,Regular
2023-07-27T16:02:13.267Z,XBTUSD,Sell,100,29279.0,ZeroMinusTick,139f9e66-1b1b-dd35-2106-88a1c2f72adf,341542,0.00341542,100.0,Regular
2023-07-27T16:02:13.416Z,XBTUSD,Sell,100,29279.0,ZeroMinusTick,07e585c2-a67d-83dc-c7e6-758fb2aa6123,341542,0.00341542,100.0,Regular
2023-07-27T16:02:16.930Z,XBTUSD,Sell,100,29276.5,MinusTick,71dc5d3a-8ecb-1579-ebac-899a58837eb6,341571,0.00341571,100.0,Regular
2023-07-27T16:02:16.930Z,XBTUSD,Sell,2400,29276.0,MinusTick,fe4ada10-7307-5cf0-89da-3d5fdbc29be7,8197848,0.08197848,2400.0,Regular
2023-07-27T16:02:30.244Z,XBTUSD,Sell,100,29276.0,ZeroMinusTick,5e091e59-61b7-fe93-e2d6-73c5fd24a6ff,341577,0.00341577,100.0,Regular
2023-07-27T16:02:30.244Z,XBTUSD,Sell,4300,29276.0,ZeroMinusTick,15f877aa-b84e-056b-a32d-36158fea854f,14687811,0.14687811,4300.0,Regular
2023-07-27T16:02:32.638Z,XBTUSD,Sell,100,29273.0,MinusTick,26ae25dd-a7e8-93eb-048e-0acc26b9fdd4,341612,0.00341612,100.0,Regular
2023-07-27T16:02:34.480Z,XBTUSD,Sell,300,29270.0,MinusTick,beaff8c9-91fc-90d1-94c3-fe659edb652b,1024941,0.01024941,300.0,Regular
2023-07-27T16:02:34.480Z,XBTUSD,Sell,39800,29269.5,MinusTick,170bf6d5-82fd-603a-abc7-126a106d50c2,135977894,1.35977894,39800.0,Regular
2023-07-27T16:02:44.730Z,XBTUSD,Buy,27700,29270.0,PlusTick,fd4c620c-c056-30a4-25b1-ac5e63912af1,94636219,0.94636219,27700.0,Regular
2023-07-27T16:02:44.730Z,XBTUSD,Buy,14400,29270.0,ZeroPlusTick,97b1a1bf-1ef1-13b1-26be-e4bc1912671d,49197168,0.49197168,14400.0,Regular
2023-07-27T16:02:45.675Z,XBTUSD,Buy,500,29270.0,ZeroPlusTick,226ead26-72d2-a0b0-df0d-71877d89fb80,1708235,0.01708235,500.0,Regular
2023-07-27T16:02:45.675Z,XBTUSD,Buy,700,29270.0,ZeroPlusTick,df285a63-73e5-aca8-2931-9726d5d11523,2391529,0.02391529,700.0,Regular
2023-07-27T16:02:45.681Z,XBTUSD,Buy,500,29270.0,ZeroPlusTick,7ade3339-b921-2f86-eb5c-8b99b354b475,1708235,0.01708235,500.0,Regular
2023-07-27T16:02:47.575Z,XBTUSD,Buy,100,29273.0,PlusTick,58d08b2a-8c54-90f5-f9ec-0fd0083bac50,341612,0.00341612,100.0,Regular
2023-07-27T16:02:47.575Z,XBTUSD,Buy,300,29273.0,ZeroPlusTick,96e3ea4b-1633-7cf0-6239-ae8da8c80684,1024836,0.01024836,300.0,Regular
2023-07-27T16:02:47.575Z,XBTUSD,Buy,300,29273.0,ZeroPlusTick,42b462d6-bc97-ab58-4204-12074d8a6738,1024836,0.01024836,300.0,Regular
2023-07-27T16:02:47.575Z,XBTUSD,Buy,5800,29273.5,PlusTick,3b473c16-6c8a-6dfe-50dd-3fb7042f5c28,19813148,0.19813148,5800.0,Regular
2023-07-27T16:02:47.584Z,XBTUSD,Buy,8300,29275.5,PlusTick,8f6d35fc-c578-82b3-a7b9-974e5bcf3291,28351389,0.28351389,8300.0,Regular
2023-07-27T16:02:47.584Z,XBTUSD,Buy,3300,29276.0,PlusTick,6de1d7d9-0379-169b-dae0-e8765c01a49c,11272041,0.11272041,3300.0,Regular
2023-07-27T16:02:47.584Z,XBTUSD,Buy,13700,29276.0,ZeroPlusTick,82d257c2-ff54-0bfe-8183-23d0a875a99d,46796049,0.46796049,13700.0,Regular
2023-07-27T16:02:47.814Z,XBTUSD,Buy,4100,29277.0,PlusTick,fb1cf1de-1dea-344e-051f-17d1dd4f8cde,14004165,0.14004165,4100.0,Regular
2023-07-27T16:02:49.149Z,XBTUSD,Buy,54800,29277.0,ZeroPlusTick,06b9c9ca-2081-ee91-d14c-022dc74a24e8,187177620,1.8717762,54800.0,Regular
2023-07-27T16:02:49.149Z,XBTUSD,Buy,300,29277.0,ZeroPlusTick,49dd2790-5931-f292-97fe-93b6bde62fe5,1024695,0.01024695,300.0,Regular
2023-07-27T16:02:49.149Z,XBTUSD,Buy,100,29277.0,ZeroPlusTick,fc0e44d7-20d6-2c0c-1dae-7b37df9151f8,341565,0.00341565,100.0,Regular
2023-07-27T16:02:53.201Z,XBTUSD,Buy,100,29279.5,PlusTick,405b3434-7d37-29b5-209e-437b3d39aca4,341536,0.00341536,100.0,Regular
2023-07-27T16:02:53.201Z,XBTUSD,Buy,300,29279.5,ZeroPlusTick,7ebc1490-186b-18b5-453b-1e18fa80762a,1024608,0.01024608,300.0,Regular
2023-07-27T16:02:59.272Z,XBTUSD,Buy,300,29279.5,ZeroPlusTick,698dd3bb-52f7-86ea-76dc-e9facd6cdc7d,1024608,0.01024608,300.0,Regular
2023-07-27T16:02:59.272Z,XBTUSD,Buy,300,29279.5,ZeroPlusTick,9d4ac6ec-f25c-35c4-1e4c-4dcfe71643c5,1024608,0.01024608,300.0,Regular
2023-07-27T16:02:59.272Z,XBTUSD,Buy,4400,29279.5,ZeroPlusTick,18676b0d-cacd-2a20-70a7-ccd8852bd0bd,15027584,0.15027584,4400.0,Regular
2023-07-27T16:03:01.316Z,XBTUSD,Buy,4500,29279.5,ZeroPlusTick,68d413ed-e6de-6df9-36c6-702318f2a415,15369120,0.1536912,4500.0,Regular
2023-07-27T16:03:01.319Z,XBTUSD,Buy,4500,29279.5,ZeroPlusTick,b8769214-6aac-79c3-bbfd-3b48ca9b773e,15369120,0.1536912,4500.0,Regular
2023-07-27T16:03:01.321Z,XBTUSD,Buy,55700,29279.5,ZeroPlusTick,c7054aa7-f14e-2250-e692-505c8ee1040a,190235552,1.90235552,55700.0,Regular
2023-07-27T16:03:01.321Z,XBTUSD,Buy,300,29279.5,ZeroPlusTick,b878b78f-7347-b5e7-18e7-4e2a1fdbb3bc,1024608,0.01024608,300.0,Regular
2023-07-27T16:03:01.321Z,XBTUSD,Buy,300,29279.5,ZeroPlusTick,2833482d-af28-fa7c-bd9e-15fc3c541c7b,1024608,0.01024608,300.0,Regular
2023-07-27T16:03:01.329Z,XBTUSD,Buy,4500,29280.0,PlusTick,12219f7e-8c5f-3371-d52c-5865ce5af350,15368850,0.1536885,4500.0,Regular
2023-07-27T16:03:06.713Z,XBTUSD,Buy,100,29282.5,PlusTick,a33b49a7-4679-99da-411a-1e179f1b9ed6,341501,0.00341501,100.0,Regular
2023-07-27T16:03:18.458Z,XBTUSD,Buy,3000,29285.0,PlusTick,fed7d4db-cc34-bbcb-1383-b43b7036c12f,10244160,0.1024416,3000.0,Regular
2023-07-27T16:03:18.458Z,XBTUSD,Buy,300,29285.0,ZeroPlusTick,00c7d747-f33e-1f82-9854-3df7ca106b01,1024416,0.01024416,300.0,Regular
2023-07-27T16:03:18.458Z,XBTUSD,Buy,300,29285.0,ZeroPlusTick,5c925b50-5ce9-2026-f23c-74d0b87715d5,1024416,0.01024416,300.0,Regular
2023-07-27T16:03:18.458Z,XBTUSD,Buy,100,29285.0,ZeroPlusTick,3dca33ab-f101-1e60-dcb8-e1ac48ed81ae,341472,0.00341472,100.0,Regular
2023-07-27T16:03:18.458Z,XBTUSD,Buy,800,29287.0,PlusTick,45096e84-bc04-8e93-4ce5-f2af0c717e9d,2731584,0.02731584,800.0,Regular
2023-07-27T16:03:18.458Z,XBTUSD,Buy,800,29287.5,PlusTick,badaeedb-2c55-756d-d3e1-0d31545b14ac,2731544,0.02731544,800.0,Regular
2023-07-27T16:03:18.458Z,XBTUSD,Buy,100,29288.0,PlusTick,46c0dfef-f552-8833-5f1f-182a79deeae0,341437,0.00341437,100.0,Regular
2023-07-27T16:03:18.458Z,XBTUSD,Buy,20400,29288.0,ZeroPlusTick,6da4b8f7-2a6d-5799-49c6-6c60cb0acca2,69653148,0.69653148,20400.0,Regular
2023-07-27T16:03:18.458Z,XBTUSD,Buy,3300,29288.5,PlusTick,e61710bc-d75e-657e-c073-83110cc60826,11267223,0.11267223,3300.0,Regular
2023-07-27T16:03:18.458Z,XBTUSD,Buy,37000,29288.5,ZeroPlusTick,8a4b2923-858d-4591-4fac-22798e99e420,126329470,1.2632947,37000.0,Regular
2023-07-27T16:03:18.458Z,XBTUSD,Buy,3300,29289.0,PlusTick,b3ffd901-1c04-8fe4-fb36-b12f91d187a0,11267025,0.11267025,3300.0,Regular
2023-07-27T16:03:18.458Z,XBTUSD,Buy,2000,29289.0,ZeroPlusTick,693246e2-5fb0-4389-8825-1f7cf11a25a6,6828500,0.068285,2000.0,Regular
2023-07-27T16:03:18.458Z,XBTUSD,Buy,48600,29289.0,ZeroPlusTick,9f5b313b-1623-d234-0a14-86ebc308c117,165932550,1.6593255,48600.0,Regular
2023-07-27T16:03:20.420Z,XBTUSD,Buy,2200,29288.0,MinusTick,92963915-9b3e-8a20-cb1b-9304a242a6a2,7511614,0.07511614,2200.0,Regular
2023-07-27T16:03:20.420Z,XBTUSD,Buy,8300,29288.0,ZeroMinusTick,4226aa18-ed12-7a19-92c2-f420d2be73d2,28339271,0.28339271,8300.0,Regular
2023-07-27T16:03:20.420Z,XBTUSD,Buy,17500,29288.0,ZeroMinusTick,1043c113-6989-e020-3bb9-05872d2a9843,59751475,0.59751475,17500.0,Regular
2023-07-27T16:03:20.420Z,XBTUSD,Buy,5000,29288.0,ZeroMinusTick,f0ae8285-9556-7308-9cfc-7b7287b03729,17071850,0.1707185,5000.0,Regular
2023-07-27T16:03:20.420Z,XBTUSD,Buy,6800,29288.0,ZeroMinusTick,91592318-ccd3-9bad-5910-3072fcab9e37,23217716,0.23217716,6800.0,Regular
2023-07-27T16:03:20.420Z,XBTUSD,Buy,300,29288.0,ZeroMinusTick,3dab38f0-4c60-5726-c80e-3131f368bad2,1024311,0.01024311,300.0,Regular
2023-07-27T16:03:20.420Z,XBTUSD,Buy,300,29288.0,ZeroMinusTick,ff41092a-8376-90c4-10ed-c6b68c9517c6,1024311,0.01024311,300.0,Regular
2023-07-27T16:03:20.420Z,XBTUSD,Buy,50000,29288.0,ZeroMinusTick,dc448996-d3d5-ef3d-d996-f22b8ab43249,170718500,1.707185,50000.0,Regular
2023-07-27T16:03:20.420Z,XBTUSD,Buy,11000,29288.0,ZeroMinusTick,8e504c3e-f631-7676-00f7-8a19b83d6d5c,37558070,0.3755807,11000.0,Regular
2023-07-27T16:03:20.420Z,XBTUSD,Buy,18600,29288.0,ZeroMinusTick,57dd1d47-2306-08af-bbb9-65721f2e291e,63507282,0.63507282,18600.0,Regular
2023-07-27T16:03:22.312Z,XBTUSD,Sell,1100,29287.5,MinusTick,ca367bf3-675b-9724-3cc9-487bda632c25,3755873,0.03755873,1100.0,Regular
2023-07-27T16:03:22.312Z,XBTUSD,Sell,200,29287.5,ZeroMinusTick,65079744-fd08-e726-18ff-700bf749e2c6,682886,0.00682886,200.0,Regular
2023-07-27T16:03:22.312Z,XBTUSD,Sell,200,29287.5,ZeroMinusTick,40ed25b9-50b8-5d30-29ba-968e6f95cef6,682886,0.00682886,200.0,Regular
2023-07-27T16:03:22.312Z,XBTUSD,Sell,2500,29287.5,ZeroMinusTick,d13fec6a-5b40-0526-f70f-5ea4dd980060,8536075,0.08536075,2500.0,Regular
2023-07-27T16:03:22.312Z,XBTUSD,Sell,55200,29287.5,ZeroMinusTick,7237b8bc-9ca9-9f1d-fab7-ac00b5084217,188476536,1.88476536,55200.0,Regular
2023-07-27T16:03:25.615Z,XBTUSD,Sell,3400,29284.5,MinusTick,eb048287-36f4-7be9-3916-e33fe3cad067,11610252,0.11610252,3400.0,Regular
2023-07-27T16:03:25.615Z,XBTUSD,Sell,120000,29284.5,ZeroMinusTick,0a7f5ab8-d9a6-7977-b49c-9f78135e9c2c,409773600,4.097736,120000.0,Regular
2023-07-27T16:03:35.683Z,XBTUSD,Buy,5000,29282.5,MinusTick,7be2f28d-b2a2-5ed6-d4c1-a01cefb68d36,17075050,0.1707505,5000.0,Regular
2023-07-27T16:03:40.026Z,XBTUSD,Buy,100,29282.5,ZeroMinusTick,ba9a9511-424e-d470-1fab-df902e091c1b,341501,0.00341501,100.0,Regular
2023-07-27T16:03:40.026Z,XBTUSD,Buy,100,29282.5,ZeroMinusTick,60a13530-85b0-08a5-e2b3-794b1b33b961,341501,0.00341501,100.0,Regular
2023-07-27T16:03:45.091Z,XBTUSD,Buy,300,29284.0,PlusTick,8ca59d05-1b3c-3c11-e857-c7d402f9573f,1024449,0.01024449,300.0,Regular
2023-07-27T16:03:45.091Z,XBTUSD,Buy,300,29284.0,ZeroPlusTick,c474b662-a459-6100-52fb-78ef3e0e6eb8,1024449,0.01024449,300.0,Regular
2023-07-27T16:03:45.109Z,XBTUSD,Buy,100,29285.0,PlusTick,e7d7f65d-7ee1-7b5e-ac26-7425af5be0d1,341472,0.00341472,100.0,Regular
2023-07-27T16:03:47.896Z,XBTUSD,Buy,100,29285.5,PlusTick,20014024-eb59-6ae1-bf5b-ec2862fef407,341466,0.00341466,100.0,Regular
2023-07-27T16:03:47.896Z,XBTUSD,Buy,300,29285.5,ZeroPlusTick,d2632a9a-7ee3-b6df-caa6-9c789b992eb6,1024398,0.01024398,300.0,Regular
2023-07-27T16:03:47.896Z,XBTUSD,Buy,300,29285.5,ZeroPlusTick,3f90e7dc-e077-83f1-9edd-573b4c96ecce,1024398,0.01024398,300.0,Regular
2023-07-27T16:03:49.753Z,XBTUSD,Buy,41700,29286.5,PlusTick,c47f1b2a-2e8a-d8e6-77e5-5846236550dc,142386318,1.42386318,41700.0,Regular
2023-07-27T16:03:49.753Z,XBTUSD,Buy,300,29286.5,ZeroPlusTick,f66b7e84-a71c-f5b3-d7bb-3aea0e854d17,1024362,0.01024362,300.0,Regular
2023-07-27T16:03:49.753Z,XBTUSD,Buy,300,29286.5,ZeroPlusTick,f79bb662-bb6b-cbe9-46f7-f14b7687bb39,1024362,0.01024362,300.0,Regular
2023-07-27T16:04:05.218Z,XBTUSD,Buy,200,29289.0,PlusTick,c68ce813-0825-aeee-2ae9-98d04b63fb94,682850,0.0068285,200.0,Regular
2023-07-27T16:04:14.883Z,XBTUSD,Sell,13800,29288.5,MinusTick,66897503-80f4-4f81-bc8d-5a7be7f5db80,47117478,0.47117478,13800.0,Regular
2023-07-27T16:04:14.883Z,XBTUSD,Sell,4900,29288.5,ZeroMinusTick,1d29684f-9a0a-585a-6b77-e3ba5996118a,16730119,0.16730119,4900.0,Regular
2023-07-27T16:04:14.883Z,XBTUSD,Sell,200,29288.5,ZeroMinusTick,9c72659a-0ba2-4f71-eac4-7f40a1b10224,682862,0.00682862,200.0,Regular
2023-07-27T16:04:14.883Z,XBTUSD,Sell,500,29288.5,ZeroMinusTick,65be3409-594e-a41a-1b06-7532f55f0491,1707155,0.01707155,500.0,Regular
2023-07-27T16:04:14.883Z,XBTUSD,Sell,17500,29288.5,ZeroMinusTick,3dfc1ad7-6a9b-772b-67d2-263ddf141b8d,59750425,0.59750425,17500.0,Regular
2023-07-27T16:04:14.883Z,XBTUSD,Sell,200,29288.5,ZeroMinusTick,7ab99132-db57-129d-6189-e8a8718cc21f,682862,0.00682862,200.0,Regular
2023-07-27T16:04:14.883Z,XBTUSD,Sell,100,29288.5,ZeroMinusTick,0befda85-02dc-5498-478e-f5059d1c6b97,341431,0.00341431,100.0,Regular
2023-07-27T16:04:14.883Z,XBTUSD,Sell,700,29288.5,ZeroMinusTick,24063f4e-1ccb-41dd-6f22-cc7b79547b03,2390017,0.02390017,700.0,Regular
2023-07-27T16:04:14.883Z,XBTUSD,Sell,700,29288.5,ZeroMinusTick,458549e3-c39a-e74a-8ad3-f528a101bec6,2390017,0.02390017,700.0,Regular
2023-07-27T16:04:14.883Z,XBTUSD,Sell,700,29288.5,ZeroMinusTick,6ac2087b-92bd-6466-055f-6b84a143a5b9,2390017,0.02390017,700.0,Regular
2023-07-27T16:04:14.883Z,XBTUSD,Sell,800,29288.5,ZeroMinusTick,69425f3f-6389-b0d6-2d13-ef31cc712264,2731448,0.02731448,800.0,Regular
2023-07-27T16:04:39.974Z,XBTUSD,Buy,48500,29286.0,MinusTick,59345a16-dbef-e712-d0e4-5bbde0a2fce4,165608100,1.656081,48500.0,Regular
2023-07-27T16:04:39.974Z,XBTUSD,Buy,800,29286.0,ZeroMinusTick,d8642c16-3cc0-3859-7296-7a246c645ec8,2731680,0.0273168,800.0,Regular
2023-07-27T16:04:39.974Z,XBTUSD,Buy,5000,29286.0,ZeroMinusTick,12132123-35fd-9069-cca3-e15f4b3dd51e,17073000,0.17073,5000.0,Regular
2023-07-27T16:04:39.974Z,XBTUSD,Buy,5000,29286.0,ZeroMinusTick,6dd673ab-e5e0-8f13-7420-5ed6051a96d7,17073000,0.17073,5000.0,Regular
2023-07-27T16:04:39.974Z,XBTUSD,Buy,5000,29286.0,ZeroMinusTick,7a887245-4509-5f15-0ce9-245b4b1ed2ad,17073000,0.17073,5000.0,Regular
2023-07-27T16:04:39.974Z,XBTUSD,Buy,5000,29286.0,ZeroMinusTick,72398b9e-f227-1099-67b7-ff202885ef4e,17073000,0.17073,5000.0,Regular
2023-07-27T16:04:53.548Z,XBTUSD,Buy,300,29286.5,PlusTick,75f53b25-ceca-ee79-caf7-9ef7d3e295b4,1024362,0.01024362,300.0,Regular
2023-07-27T16:05:02.663Z,XBTUSD,Buy,5000,29286.5,ZeroPlusTick,4702fce9-6627-223b-8034-f0e4d272cb07,17072700,0.170727,5000.0,Regular
2023-07-27T16:05:02.663Z,XBTUSD,Buy,5000,29286.5,ZeroPlusTick,0b5c68e3-f9e4-0dca-17bd-9caf13a0f638,17072700,0.170727,5000.0,Regular
2023-07-27T16:05:08.780Z,XBTUSD,Sell,10000,29289.0,PlusTick,1fa56cb8-0749-87ae-8ae9-67ed2ecbb2b1,34142500,0.341425,10000.0,Regular
2023-07-27T16:05:08.780Z,XBTUSD,Sell,200,29289.0,ZeroPlusTick,8452ed87-0e19-7274-0abf-6f2f01763726,682850,0.0068285,200.0,Regular
2023-07-27T16:05:08.780Z,XBTUSD,Sell,100,29289.0,ZeroPlusTick,c85a51b7-e92e-c7d5-bf77-070692b277e1,341425,0.00341425,100.0,Regular
2023-07-27T16:05:08.780Z,XBTUSD,Sell,8200,29286.5,MinusTick,83da356d-fb4b-ec19-749c-679f1eb1de5f,27999228,0.27999228,8200.0,Regular
2023-07-27T16:06:09.042Z,XBTUSD,Sell,100,29286.0,MinusTick,cc0e6b19-bb88-d5de-80e0-b3438d4d1ef2,341460,0.0034146,100.0,Regular
2023-07-27T16:06:09.042Z,XBTUSD,Sell,300,29286.0,ZeroMinusTick,b9077e54-1d15-4210-2f89-bcfa7cbe47a0,1024380,0.0102438,300.0,Regular
2023-07-27T16:06:09.042Z,XBTUSD,Sell,3800,29286.0,ZeroMinusTick,6d948f3a-6164-11cf-140d-019fd2a9373c,12975480,0.1297548,3800.0,Regular
2023-07-27T16:06:09.042Z,XBTUSD,Sell,100,29286.0,ZeroMinusTick,378141fc-d499-a028-bd2d-ec375023b7c6,341460,0.0034146,100.0,Regular
2023-07-27T16:06:09.042Z,XBTUSD,Sell,1300,29286.0,ZeroMinusTick,90f59a90-b226-425f-1207-a483412c0074,4438980,0.0443898,1300.0,Regular
2023-07-27T16:06:09.042Z,XBTUSD,Sell,100,29286.0,ZeroMinusTick,419c42de-77a6-818a-1aba-49dcd87112b8,341460,0.0034146,100.0,Regular
2023-07-27T16:06:09.042Z,XBTUSD,Sell,4400,29286.0,ZeroMinusTick,9dd6a51b-541e-838e-32ad-5333f4d36f0d,15024240,0.1502424,4400.0,Regular
2023-07-27T16:06:09.042Z,XBTUSD,Sell,100,29286.0,ZeroMinusTick,d1237b0f-8791-0791-066e-9a74d82df9c4,341460,0.0034146,100.0,Regular
2023-07-27T16:06:09.042Z,XBTUSD,Sell,3100,29286.0,ZeroMinusTick,b881e71b-17e6-dcd0-d054-f97932a0f28c,10585260,0.1058526,3100.0,Regular
2023-07-27T16:06:09.042Z,XBTUSD,Sell,63300,29286.0,ZeroMinusTick,ebd21034-6f57-12aa-9ee6-c0fe635dafdc,216144180,2.1614418,63300.0,Regular
2023-07-27T16:06:09.042Z,XBTUSD,Sell,12300,29286.0,ZeroMinusTick,47807b83-d699-f099-1bba-9b6db0b4697b,41999580,0.4199958,12300.0,Regular
2023-07-27T16:06:09.042Z,XBTUSD,Sell,5500,29286.0,ZeroMinusTick,1dcae5eb-b048-8ad6-830e-ab23e76e294a,18780300,0.187803,5500.0,Regular
2023-07-27T16:06:09.042Z,XBTUSD,Sell,100,29286.0,ZeroMinusTick,2cd6f08e-3514-45ca-6309-ee167d06b8b9,341460,0.0034146,100.0,Regular
2023-07-27T16:06:09.042Z,XBTUSD,Sell,400,29286.0,ZeroMinusTick,a43767b9-083d-0264-c851-688d434f12b8,1365840,0.0136584,400.0,Regular
2023-07-27T16:06:09.042Z,XBTUSD,Sell,9300,29286.0,ZeroMinusTick,662d26ef-a529-6bde-082e-caf0f09d51e0,31755780,0.3175578,9300.0,Regular
2023-07-27T16:06:09.042Z,XBTUSD,Sell,100,29286.0,ZeroMinusTick,a4070d19-a166-df14-691a-990d001387af,341460,0.0034146,100.0,Regular
2023-07-27T16:06:09.042Z,XBTUSD,Sell,100,29286.0,ZeroMinusTick,41f70af6-870f-1ded-1908-af1b14628950,341460,0.0034146,100.0,Regular
2023-07-27T16:06:09.070Z,XBTUSD,Sell,100,29285.5,MinusTick,ece4569e-2956-0ab5-b061-6b3aaabe038c,341466,0.00341466,100.0,Regular
2023-07-27T16:06:09.070Z,XBTUSD,Sell,2000,29284.0,MinusTick,f42b2f3e-9ea8-4240-72f1-269eefcdd561,6829660,0.0682966,2000.0,Regular
2023-07-27T16:06:09.070Z,XBTUSD,Sell,33500,29283.5,MinusTick,00f79349-8f68-7b14-870a-f4bfe850a106,114398815,1.14398815,33500.0,Regular
2023-07-27T16:07:16.725Z,XBTUSD,Sell,90500,29280.5,MinusTick,40f85848-ea41-f49d-4fd9-e331ca94357f,309079220,3.0907922,90500.0,Regular
2023-07-27T16:07:25.663Z,XBTUSD,Sell,300,29280.5,ZeroMinusTick,fd174e62-7fe9-fac0-46b8-fefd01fa097a,1024572,0.01024572,300.0,Regular
2023-07-27T16:07:59.528Z,XBTUSD,Sell,29200,29280.5,ZeroMinusTick,fef0b79f-6200-ed88-d12c-4dd36b27d247,99725008,0.99725008,29200.0,Regular
2023-07-27T16:07:59.528Z,XBTUSD,Sell,11500,29280.5,ZeroMinusTick,bf9f540c-8330-f876-d026-ac52530ea8eb,39275260,0.3927526,11500.0,Regular
2023-07-27T16:08:04.680Z,XBTUSD,Sell,5300,29280.5,ZeroMinusTick,dea23fe7-baa2-ab8e-dbe2-953621f39883,18100772,0.18100772,5300.0,Regular
2023-07-27T16:08:04.680Z,XBTUSD,Sell,4100,29280.5,ZeroMinusTick,9e3e2298-2708-2dd0-6347-46082d63253a,14002484,0.14002484,4100.0,Regular
2023-07-27T16:08:04.680Z,XBTUSD,Sell,1600,29280.5,ZeroMinusTick,ab5fd8ad-adc2-64ee-563e-14695834aedf,5464384,0.05464384,1600.0,Regular
2023-07-27T16:08:04.680Z,XBTUSD,Sell,100,29280.5,ZeroMinusTick,9f7ca4d9-107a-7102-3aa7-1f0ba63f1801,341524,0.00341524,100.0,Regular
2023-07-27T16:08:04.680Z,XBTUSD,Sell,100,29280.5,ZeroMinusTick,ce751ef9-db35-eb0d-cbd6-ea713ab0d460,341524,0.00341524,100.0,Regular
2023-07-27T16:08:04.680Z,XBTUSD,Sell,800,29280.5,ZeroMinusTick,1e293637-c73d-c53b-7bc3-f27267c9f966,2732192,0.02732192,800.0,Regular
2023-07-27T16:08:04.680Z,XBTUSD,Sell,200,29280.5,ZeroMinusTick,e04ff88c-516d-ce8b-4065-03870642185f,683048,0.00683048,200.0,Regular
2023-07-27T16:08:04.680Z,XBTUSD,Sell,12000,29280.5,ZeroMinusTick,af6101cd-d272-0ddb-7468-f99bc97bb284,40982880,0.4098288,12000.0,Regular
2023-07-27T16:08:04.680Z,XBTUSD,Sell,100,29280.5,ZeroMinusTick,80c1fee4-ff99-0817-d50e-7573dc0afb37,341524,0.00341524,100.0,Regular
2023-07-27T16:08:04.680Z,XBTUSD,Sell,2500,29280.5,ZeroMinusTick,d3901467-ebf6-c8a6-3693-2d22b1088ab2,8538100,0.085381,2500.0,Regular
2023-07-27T16:08:29.560Z,XBTUSD,Sell,100,29276.0,MinusTick,60638baf-e564-1fb3-db40-bd4a2642905c,341577,0.00341577,100.0,Regular
2023-07-27T16:08:29.560Z,XBTUSD,Sell,2000,29276.0,ZeroMinusTick,b0213921-2bb9-98e4-b0a8-1555db099036,6831540,0.0683154,2000.0,Regular
2023-07-27T16:08:29.560Z,XBTUSD,Sell,200,29276.0,ZeroMinusTick,c5240f91-455e-ee0d-a95d-72e8b4949d7e,683154,0.00683154,200.0,Regular
2023-07-27T16:08:29.560Z,XBTUSD,Sell,2300,29276.0,ZeroMinusTick,f9c984c1-a75c-90e6-a9d5-39fe421470d7,7856271,0.07856271,2300.0,Regular
2023-07-27T16:08:29.560Z,XBTUSD,Sell,900,29276.0,ZeroMinusTick,4f9b58ec-4028-9fe9-a83e-89c78e8ffa6a,3074193,0.03074193,900.0,Regular
2023-07-27T16:08:29.560Z,XBTUSD,Sell,600,29276.0,ZeroMinusTick,95c119f1-fd63-992f-3ba2-c21de6ef6c6f,2049462,0.02049462,600.0,Regular
2023-07-27T16:08:29.560Z,XBTUSD,Sell,9900,29276.0,ZeroMinusTick,6e081584-44f8-773b-902f-519e3081c4a0,33816123,0.33816123,9900.0,Regular
2023-07-27T16:08:29.560Z,XBTUSD,Sell,100,29276.0,ZeroMinusTick,108cb289-7b48-b2f4-e86e-aeca682c668b,341577,0.00341577,100.0,Regular
2023-07-27T16:08:29.568Z,XBTUSD,Sell,6000,29276.0,ZeroMinusTick,6a9473f4-7e9e-721e-2324-a7267808acdb,20494620,0.2049462,6000.0,Regular
2023-07-27T16:08:29.568Z,XBTUSD,Sell,3900,29276.0,ZeroMinusTick,6d7f59ef-63a2-6bb7-eff3-e7f149c1368f,13321503,0.13321503,3900.0,Regular
2023-07-27T16:08:51.332Z,XBTUSD,Sell,100,29270.0,MinusTick,f31f29c2-b8ad-a11f-46a2-90f69609e732,341647,0.00341647,100.0,Regular
2023-07-27T16:08:51.332Z,XBTUSD,Sell,400,29270.0,ZeroMinusTick,722fd55b-4202-1497-a8cd-016b1e35a2c8,1366588,0.01366588,400.0,Regular
2023-07-27T16:08:51.332Z,XBTUSD,Sell,2100,29270.0,ZeroMinusTick,dc05cea6-570b-abbb-cc56-3b87ddea1011,7174587,0.07174587,2100.0,Regular
2023-07-27T16:08:51.332Z,XBTUSD,Sell,32700,29270.0,ZeroMinusTick,e6ead94b-618c-a135-d4a4-d2b9cea06275,111718569,1.11718569,32700.0,Regular
2023-07-27T16:08:51.940Z,XBTUSD,Sell,8900,29270.0,ZeroMinusTick,e0916268-e408-3b55-5147-1560c171b168,30406583,0.30406583,8900.0,Regular
2023-07-27T16:08:51.940Z,XBTUSD,Sell,1000,29270.0,ZeroMinusTick,e665ccb6-1edb-baf4-5cc9-6767ee504ce3,3416470,0.0341647,1000.0,Regular
2023-07-27T16:08:51.940Z,XBTUSD,Sell,100,29270.0,ZeroMinusTick,ae958034-9a70-b808-3c75-1631ad29f186,341647,0.00341647,100.0,Regular
2023-07-27T16:08:51.948Z,XBTUSD,Sell,200,29269.5,MinusTick,c7aaba84-1bca-ca7a-57b9-b947b2ec25c0,683306,0.00683306,200.0,Regular
2023-07-27T16:08:52.068Z,XBTUSD,Sell,200,29268.5,MinusTick,1c7acb78-04ed-6f26-c94a-ab77e995d15a,683328,0.00683328,200.0,Regular
2023-07-27T16:08:52.068Z,XBTUSD,Sell,10000,29267.0,MinusTick,5aa33a13-4cd1-05b6-9d5c-e5828c189ae6,34168200,0.341682,10000.0,Regular
2023-07-27T16:08:59.148Z,XBTUSD,Buy,55300,29266.5,MinusTick,9de420aa-4a8c-0dd3-ea51-4c40a8bb3a96,188953464,1.88953464,55300.0,Regular
2023-07-27T16:08:59.148Z,XBTUSD,Buy,100,29266.5,ZeroMinusTick,ffaa0f62-3a5d-e5fc-172d-3dc1cb7aad20,341688,0.00341688,100.0,Regular
2023-07-27T16:08:59.148Z,XBTUSD,Buy,100,29266.5,ZeroMinusTick,d2edf723-59df-bec2-2163-37d4a83d6968,341688,0.00341688,100.0,Regular
2023-07-27T16:08:59.148Z,XBTUSD,Buy,4200,29266.5,ZeroMinusTick,ba4fc75a-0fd7-8566-9564-c20fa16767d0,14350896,0.14350896,4200.0,Regular
2023-07-27T16:08:59.148Z,XBTUSD,Buy,35300,29266.5,ZeroMinusTick,f0832273-76f7-81ce-1cbd-db83b70450b9,120615864,1.20615864,35300.0,Regular
2023-07-27T16:09:07.641Z,XBTUSD,Buy,5000,29269.0,PlusTick,5b322108-0eae-13ec-3446-60880e588b74,17082900,0.170829,5000.0,Regular
2023-07-27T16:09:11.936Z,XBTUSD,Buy,100,29269.0,ZeroPlusTick,d76e6533-87a4-6c1b-a172-4a1c8005d249,341658,0.00341658,100.0,Regular
2023-07-27T16:09:11.936Z,XBTUSD,Buy,1600,29269.0,ZeroPlusTick,7cd71777-4240-13f2-cf5b-f83c565c460a,5466528,0.05466528,1600.0,Regular
2023-07-27T16:09:11.936Z,XBTUSD,Buy,3300,29269.0,ZeroPlusTick,17781bb9-8cea-de21-bbb4-792cdbdcbc60,11274714,0.11274714,3300.0,Regular
2023-07-27T16:09:11.936Z,XBTUSD,Buy,1300,29269.0,ZeroPlusTick,13183286-99f4-1361-6c4c-7ecceeac70f6,4441554,0.04441554,1300.0,Regular
2023-07-27T16:09:11.936Z,XBTUSD,Buy,1000,29269.0,ZeroPlusTick,5d334a87-8faa-5ea8-cb74-df3a483071f4,3416580,0.0341658,1000.0,Regular
2023-07-27T16:09:11.936Z,XBTUSD,Buy,1000,29269.0,ZeroPlusTick,94e68ef3-8293-214f-f4e3-ed8dc31cd8b2,3416580,0.0341658,1000.0,Regular
2023-07-27T16:09:11.936Z,XBTUSD,Buy,2500,29269.0,ZeroPlusTick,8c8da72a-a68b-62d3-c02e-41eb5b42e684,8541450,0.0854145,2500.0,Regular
2023-07-27T16:09:11.953Z,XBTUSD,Buy,100,29269.5,PlusTick,024f2b3e-6d52-03c8-c3a5-4cdc9335ff8b,341653,0.00341653,100.0,Regular
2023-07-27T16:09:36.004Z,XBTUSD,Sell,100,29272.0,PlusTick,82d9fbcc-00b6-a067-bd1b-41f40d8b1df9,341623,0.00341623,100.0,Regular
2023-07-27T16:09:36.004Z,XBTUSD,Sell,10400,29272.0,ZeroPlusTick,ae09ad06-91c0-7c99-f8d5-a0b763e234a7,35528792,0.35528792,10400.0,Regular
2023-07-27T16:09:36.004Z,XBTUSD,Sell,3900,29272.0,ZeroPlusTick,b40be93b-6e1e-e300-9799-e72e8b513f2d,13323297,0.13323297,3900.0,Regular
2023-07-27T16:09:36.004Z,XBTUSD,Sell,100,29272.0,ZeroPlusTick,9fa74c19-15f2-b239-9992-47d84de8aac5,341623,0.00341623,100.0,Regular
2023-07-27T16:09:36.004Z,XBTUSD,Sell,300,29272.0,ZeroPlusTick,53ceba2c-bd6b-cb67-bb91-7edb07ca3a21,1024869,0.01024869,300.0,Regular
2023-07-27T16:09:36.004Z,XBTUSD,Sell,7600,29272.0,ZeroPlusTick,36349bbc-5d4c-519e-6759-9de9292fb37a,25963348,0.25963348,7600.0,Regular
2023-07-27T16:10:01.702Z,XBTUSD,Sell,400,29272.0,ZeroPlusTick,df526abf-2de8-75af-d2f2-f732648d493a,1366492,0.01366492,400.0,Regular
2023-07-27T16:10:01.702Z,XBTUSD,Sell,800,29272.0,ZeroPlusTick,f1c9b114-2528-7a2d-07e1-b65236474d66,2732984,0.02732984,800.0,Regular
2023-07-27T16:10:13.070Z,XBTUSD,Sell,200,29272.0,ZeroPlusTick,afefe4e1-9bc2-c54c-4474-3accb322188f,683246,0.00683246,200.0,Regular
2023-07-27T16:10:13.070Z,XBTUSD,Sell,2200,29272.0,ZeroPlusTick,dfe90ca4-3719-a459-6c2b-ce60ad200fc7,7515706,0.07515706,2200.0,Regular
2023-07-27T16:10:13.070Z,XBTUSD,Sell,2600,29272.0,ZeroPlusTick,fd8fc24b-0936-dca2-5c80-f8b6975396e7,8882198,0.08882198,2600.0,Regular
2023-07-27T16:10:15.490Z,XBTUSD,Sell,1200,29272.0,ZeroPlusTick,52ca83cc-fecc-4405-f1ba-42dc9d890a7a,4099476,0.04099476,1200.0,Regular
2023-07-27T16:10:15.490Z,XBTUSD,Sell,100,29272.0,ZeroPlusTick,6822592a-4c56-59b3-33c9-64b7a3e92fdd,341623,0.00341623,100.0,Regular
2023-07-27T16:10:15.490Z,XBTUSD,Sell,100,29272.0,ZeroPlusTick,32ccba8f-cbbb-0f10-8569-3b57248b4200,341623,0.00341623,100.0,Regular
2023-07-27T16:10:15.490Z,XBTUSD,Sell,3600,29269.5,MinusTick,3b70476c-a75a-4459-031d-f819d6fb1359,12299508,0.12299508,3600.0,Regular
2023-07-27T16:10:28.196Z,XBTUSD,Buy,28500,29270.0,PlusTick,1e8bc39b-0ee5-9ee1-958e-abc1798b681e,97369395,0.97369395,28500.0,Regular
2023-07-27T16:10:28.196Z,XBTUSD,Buy,27100,29270.0,ZeroPlusTick,f9d2e865-1e2a-4f5d-5297-e3ee31c1bddf,92586337,0.92586337,27100.0,Regular
2023-07-27T16:10:28.196Z,XBTUSD,Buy,1300,29270.0,ZeroPlusTick,dfee469b-bfd4-ec8d-4bf7-634dde03aabd,4441411,0.04441411,1300.0,Regular
2023-07-27T16:10:28.196Z,XBTUSD,Buy,1100,29270.0,ZeroPlusTick,4c2d6196-d0f0-c6a8-702d-0aee24154ea1,3758117,0.03758117,1100.0,Regular
2023-07-27T16:10:28.196Z,XBTUSD,Buy,1200,29270.0,ZeroPlusTick,bb7f458f-3e12-4bee-75ca-943d92472008,4099764,0.04099764,1200.0,Regular
2023-07-27T16:10:28.196Z,XBTUSD,Buy,3300,29270.0,ZeroPlusTick,3b81dd77-1898-3a7e-fe3a-67a9260d73b2,11274351,0.11274351,3300.0,Regular
2023-07-27T16:10:28.196Z,XBTUSD,Buy,200,29270.0,ZeroPlusTick,1490ba40-dc81-f490-52e4-97d84ae9b317,683294,0.00683294,200.0,Regular
2023-07-27T16:10:28.196Z,XBTUSD,Buy,1800,29270.0,ZeroPlusTick,d56199e2-a310-1f0e-cfdf-8aba418f912a,6149646,0.06149646,1800.0,Regular
2023-07-27T16:10:28.196Z,XBTUSD,Buy,2200,29270.0,ZeroPlusTick,c8c7b36e-d845-6e2f-5f1a-9092df4ad137,7516234,0.07516234,2200.0,Regular
2023-07-27T16:10:48.897Z,XBTUSD,Buy,100,29271.5,PlusTick,85a685d4-60a0-b37e-bc8b-4d1fcc3e0e6e,341629,0.00341629,100.0,Regular
2023-07-27T16:11:08.291Z,XBTUSD,Sell,1300,29271.0,MinusTick,93c48a8e-e3a5-c91e-ed1e-d900a0a55f7a,4441255,0.04441255,1300.0,Regular
2023-07-27T16:11:08.291Z,XBTUSD,Sell,1700,29271.0,ZeroMinusTick,7e8a71a1-dde8-600c-1959-726ec5edbd73,5807795,0.05807795,1700.0,Regular
2023-07-27T16:11:08.291Z,XBTUSD,Sell,4200,29271.0,ZeroMinusTick,0844d206-ceb3-6c2d-0f97-25651280cc65,14348670,0.1434867,4200.0,Regular
2023-07-27T16:11:08.291Z,XBTUSD,Sell,500,29271.0,ZeroMinusTick,1d1bbab9-3d8a-b606-82e8-6b89975aac90,1708175,0.01708175,500.0,Regular
2023-07-27T16:11:08.291Z,XBTUSD,Sell,100,29271.0,ZeroMinusTick,0cd91064-a134-2c5c-edb3-7ec68416ac7d,341635,0.00341635,100.0,Regular
2023-07-27T16:11:08.291Z,XBTUSD,Sell,6200,29271.0,ZeroMinusTick,ab5284bb-9f9d-0870-64d2-0fdd8a42595a,21181370,0.2118137,6200.0,Regular
2023-07-27T16:11:08.291Z,XBTUSD,Sell,27500,29271.0,ZeroMinusTick,e9c0349b-1611-4b1b-dc8f-50b971213511,93949625,0.93949625,27500.0,Regular
2023-07-27T16:11:20.477Z,XBTUSD,Sell,100,29265.5,MinusTick,7b77d488-1916-569b-a1de-7563619e9df2,341699,0.00341699,100.0,Regular
2023-07-27T16:11:20.477Z,XBTUSD,Sell,1500,29265.5,ZeroMinusTick,75417f0a-109e-f346-fad6-97cf89b5f43c,5125485,0.05125485,1500.0,Regular
2023-07-27T16:11:20.477Z,XBTUSD,Sell,1400,29265.5,ZeroMinusTick,db6b2eb5-4cc8-4052-5f7d-7422b35efa8f,4783786,0.04783786,1400.0,Regular
2023-07-27T16:11:32.238Z,XBTUSD,Sell,100,29265.5,ZeroMinusTick,bfd24fa0-af51-8b93-929a-710e0f5094cf,341699,0.00341699,100.0,Regular
2023-07-27T16:11:35.208Z,XBTUSD,Sell,400,29265.5,ZeroMinusTick,b8b6d931-c871-a0e4-af70-bee1f02fe5f7,1366796,0.01366796,400.0,Regular
2023-07-27T16:11:35.208Z,XBTUSD,Sell,900,29265.5,ZeroMinusTick,f3b944fc-1a9b-ba43-32c7-98f539168c61,3075291,0.03075291,900.0,Regular
2023-07-27T16:11:36.318Z,XBTUSD,Buy,300,29266.0,PlusTick,6086019d-b265-ea49-8898-8b496ef6b583,1025079,0.01025079,300.0,Regular
2023-07-27T16:11:36.318Z,XBTUSD,Buy,300,29266.0,ZeroPlusTick,4440b9fe-eff0-2cd4-56b6-bc550cc1cc61,1025079,0.01025079,300.0,Regular
2023-07-27T16:11:36.318Z,XBTUSD,Buy,200,29266.0,ZeroPlusTick,d4cd090d-457f-dc9f-18dc-9658747ab30f,683386,0.00683386,200.0,Regular
2023-07-27T16:11:36.318Z,XBTUSD,Buy,300,29266.0,ZeroPlusTick,b3386452-92cb-df13-3299-f1c489c30e62,1025079,0.01025079,300.0,Regular
2023-07-27T16:11:36.974Z,XBTUSD,Sell,500,29268.5,PlusTick,3f6f596e-8cfe-a356-4df2-1a77f90b89aa,1708320,0.0170832,500.0,Regular
2023-07-27T16:11:38.182Z,XBTUSD,Sell,300,29268.5,ZeroPlusTick,164dda4e-383a-364d-ac96-a137bd2d978c,1024992,0.01024992,300.0,Regular
2023-07-27T16:11:43.195Z,XBTUSD,Sell,500,29268.5,ZeroPlusTick,5c9b17d0-d6ba-4b70-8b11-25b4c1b085f2,1708320,0.0170832,500.0,Regular
2023-07-27T16:11:47.179Z,XBTUSD,Sell,800,29268.5,ZeroPlusTick,502f5348-b7c0-f992-2e50-ed804ed71d84,2733312,0.02733312,800.0,Regular
2023-07-27T16:12:09.625Z,XBTUSD,Buy,100,29269.0,PlusTick,bea5e8b0-97e1-2340-b5f6-266285d4c4c5,341658,0.00341658,100.0,Regular
2023-07-27T16:12:09.625Z,XBTUSD,Buy,100,29269.0,ZeroPlusTick,520bc194-ff2f-b802-ccbc-62f1eed4ba22,341658,0.00341658,100.0,Regular
2023-07-27T16:12:09.625Z,XBTUSD,Buy,100,29269.0,ZeroPlusTick,3ad27466-9bc8-2b59-2d4c-6efc29536a9b,341658,0.00341658,100.0,Regular
2023-07-27T16:12:09.625Z,XBTUSD,Buy,10000,29269.0,ZeroPlusTick,bc47dfec-97e9-22ef-e35c-90ba1859f50b,34165800,0.341658,10000.0,Regular
2023-07-27T16:12:09.701Z,XBTUSD,Buy,1000,29270.0,PlusTick,9d77273f-045c-5ce4-1afa-5b8d655d24ab,3416470,0.0341647,1000.0,Regular
2023-07-27T16:12:16.080Z,XBTUSD,Buy,300,29271.5,PlusTick,c1dc37b7-25d1-1da0-31b6-3f63c18e297f,1024887,0.01024887,300.0,Regular
2023-07-27T16:12:16.080Z,XBTUSD,Buy,300,29271.5,ZeroPlusTick,5a94cd6f-551f-d072-4f31-61564b0b8d3e,1024887,0.01024887,300.0,Regular
2023-07-27T16:12:16.080Z,XBTUSD,Buy,100,29273.0,PlusTick,fb168f28-8ad3-f035-6fdd-5136c9c6a6f5,341612,0.00341612,100.0,Regular
2023-07-27T16:12:16.080Z,XBTUSD,Buy,800,29273.0,ZeroPlusTick,e2dfc38a-fa06-83ea-9ec7-012e4a97b3f2,2732896,0.02732896,800.0,Regular
2023-07-27T16:12:16.080Z,XBTUSD,Buy,800,29273.5,PlusTick,f3b95e55-7db7-766c-22b8-8e0c05096d43,2732848,0.02732848,800.0,Regular
2023-07-27T16:12:16.080Z,XBTUSD,Buy,42000,29274.5,PlusTick,2362cafe-6a3f-e246-14e8-6cc2aa0f48a6,143469480,1.4346948,42000.0,Regular
2023-07-27T16:12:16.096Z,XBTUSD,Buy,5000,29274.5,ZeroPlusTick,4215a739-1ab9-47f7-f6f9-a47cb693c1ea,17079700,0.170797,5000.0,Regular
2023-07-27T16:12:16.101Z,XBTUSD,Buy,3300,29275.5,PlusTick,04b84279-fddc-d75a-9a6f-9676d238c436,11272239,0.11272239,3300.0,Regular
2023-07-27T16:12:16.101Z,XBTUSD,Buy,2200,29275.5,ZeroPlusTick,474c49f9-cb4f-d56d-6386-fc68da26510d,7514826,0.07514826,2200.0,Regular
2023-07-27T16:12:16.101Z,XBTUSD,Buy,8300,29275.5,ZeroPlusTick,09e57241-7b13-45ff-58f7-37a8d9608e7e,28351389,0.28351389,8300.0,Regular
2023-07-27T16:12:16.101Z,XBTUSD,Buy,55900,29275.5,ZeroPlusTick,bfdd2227-49a0-5674-b749-592d363f21eb,190944897,1.90944897,55900.0,Regular
2023-07-27T16:12:16.105Z,XBTUSD,Buy,2200,29274.5,MinusTick,45f8a6b7-3f94-e631-e0d1-ef3eb7fe2d5c,7515068,0.07515068,2200.0,Regular
2023-07-27T16:12:16.127Z,XBTUSD,Buy,22400,29275.0,PlusTick,c398dd32-842d-3352-357b-9c83100b5ae9,76515712,0.76515712,22400.0,Regular
2023-07-27T16:12:16.127Z,XBTUSD,Buy,5000,29275.0,ZeroPlusTick,d7f627a0-39f0-a123-9beb-61876a44e22a,17079400,0.170794,5000.0,Regular
2023-07-27T16:12:16.127Z,XBTUSD,Buy,5000,29275.0,ZeroPlusTick,d69d1003-aae9-c159-79ac-e361fd3bbc08,17079400,0.170794,5000.0,Regular
2023-07-27T16:12:16.127Z,XBTUSD,Buy,37300,29275.0,ZeroPlusTick,6f1c548c-2a4d-61d3-efa0-f191e1b916e3,127412324,1.27412324,37300.0,Regular
2023-07-27T16:12:16.141Z,XBTUSD,Buy,11700,29275.0,ZeroPlusTick,b1a9f1b0-a4a7-f885-db69-88d67b245ac9,39965796,0.39965796,11700.0,Regular
2023-07-27T16:12:16.145Z,XBTUSD,Buy,3300,29276.0,PlusTick,02b99aed-0692-2879-b078-70b71bff4881,11272041,0.11272041,3300.0,Regular
2023-07-27T16:12:16.155Z,XBTUSD,Buy,300,29274.0,MinusTick,598cf2da-244b-1d7a-cc79-67e163ec21a8,1024800,0.010248,300.0,Regular
2023-07-27T16:12:16.155Z,XBTUSD,Buy,2200,29274.5,PlusTick,6312af04-dd11-9fba-1d08-dbfdf87b18b8,7515068,0.07515068,2200.0,Regular
2023-07-27T16:12:16.168Z,XBTUSD,Buy,300,29274.5,ZeroPlusTick,67eee4c7-abd3-e572-ea28-af6043ff9758,1024782,0.01024782,300.0,Regular
2023-07-27T16:12:26.609Z,XBTUSD,Buy,300,29278.5,PlusTick,f513c8cc-bb55-59db-ebf1-057bfbf2c9c0,1024644,0.01024644,300.0,Regular
2023-07-27T16:12:26.609Z,XBTUSD,Buy,300,29278.5,ZeroPlusTick,e1d2d667-0caf-8663-ab35-896c84b755cc,1024644,0.01024644,300.0,Regular
2023-07-27T16:12:26.609Z,XBTUSD,Buy,800,29278.5,ZeroPlusTick,fd7f16dc-775f-4918-5782-1882689f8be9,2732384,0.02732384,800.0,Regular
2023-07-27T16:12:26.839Z,XBTUSD,Buy,800,29279.0,PlusTick,793a600d-9d78-bfd6-1faf-e28bd054d5f8,2732336,0.02732336,800.0,Regular
2023-07-27T16:12:27.447Z,XBTUSD,Buy,100,29279.5,PlusTick,94e5cc9d-433c-77a5-fe65-d226ed637969,341536,0.00341536,100.0,Regular
2023-07-27T16:12:27.447Z,XBTUSD,Buy,300,29279.5,ZeroPlusTick,13248768-6293-de0a-88e4-0590fac22ee8,1024608,0.01024608,300.0,Regular
2023-07-27T16:12:27.447Z,XBTUSD,Buy,300,29279.5,ZeroPlusTick,e4881b6c-cd54-0c0a-a9b3-e81b1a72d3f7,1024608,0.01024608,300.0,Regular
2023-07-27T16:12:27.470Z,XBTUSD,Buy,1200,29280.5,PlusTick,231ee8f5-0d2d-fe72-57aa-e5948f11cb22,4098288,0.04098288,1200.0,Regular
2023-07-27T16:12:27.470Z,XBTUSD,Buy,800,29280.5,ZeroPlusTick,79c541c9-a2d0-492f-dcb4-78e60de6e421,2732192,0.02732192,800.0,Regular
2023-07-27T16:12:28.768Z,XBTUSD,Buy,300,29281.0,PlusTick,d80c200c-4f17-3085-37e6-87a7960180f1,1024554,0.01024554,300.0,Regular
2023-07-27T16:12:28.768Z,XBTUSD,Buy,300,29281.0,ZeroPlusTick,1bc2006c-df0a-3bd4-0095-1f79fc926f95,1024554,0.01024554,300.0,Regular
2023-07-27T16:12:50.236Z,XBTUSD,Buy,100,29286.0,PlusTick,80a72038-287e-975f-818a-9844f6b044d8,341460,0.0034146,100.0,Regular
2023-07-27T16:12:50.236Z,XBTUSD,Buy,300,29286.0,ZeroPlusTick,eab6951a-ba55-1c31-5dd8-7bf39b222629,1024380,0.0102438,300.0,Regular
2023-07-27T16:12:50.236Z,XBTUSD,Buy,1000,29286.0,ZeroPlusTick,dd6defc9-91cc-3d5a-7cb1-eec4ef9685d8,3414600,0.034146,1000.0,Regular
2023-07-27T16:13:01.063Z,XBTUSD,Sell,100,29285.5,MinusTick,5fce8f0d-c5a0-4f6b-3e54-0d7b8873dd04,341466,0.00341466,100.0,Regular
2023-07-27T16:13:01.063Z,XBTUSD,Sell,17700,29285.5,ZeroMinusTick,a3610f94-ab34-e52c-4152-728dc788153d,60439482,0.60439482,17700.0,Regular
2023-07-27T16:13:01.063Z,XBTUSD,Sell,9000,29285.5,ZeroMinusTick,c73e672d-c12d-b4b1-8e23-703cf1fc2e2e,30731940,0.3073194,9000.0,Regular
2023-07-27T16:13:01.063Z,XBTUSD,Sell,200,29285.5,ZeroMinusTick,13fbf6f2-68ed-f220-75e5-502cc4f3663f,682932,0.00682932,200.0,Regular
2023-07-27T16:13:01.063Z,XBTUSD,Sell,100,29285.5,ZeroMinusTick,4504d579-8476-20ec-6c22-d91d4d6a34d3,341466,0.00341466,100.0,Regular
2023-07-27T16:13:01.063Z,XBTUSD,Sell,44500,29285.5,ZeroMinusTick,844f2af1-720e-5d01-77c5-306727437553,151952370,1.5195237,44500.0,Regular
2023-07-27T16:13:01.063Z,XBTUSD,Sell,2100,29285.5,ZeroMinusTick,6cdc3245-317c-96b0-da71-8ef43c52da91,7170786,0.07170786,2100.0,Regular
2023-07-27T16:13:01.063Z,XBTUSD,Sell,100,29285.5,ZeroMinusTick,053a5efc-2696-d4b4-cf5f-50f9edb3d1a7,341466,0.00341466,100.0,Regular
2023-07-27T16:13:01.063Z,XBTUSD,Sell,100,29285.5,ZeroMinusTick,60225cf1-6b2f-661d-e11c-fdf656995aae,341466,0.00341466,100.0,Regular
2023-07-27T16:13:01.063Z,XBTUSD,Sell,3900,29285.5,ZeroMinusTick,ce763dae-7d9e-5f29-b1d5-41cad758ff9b,13317174,0.13317174,3900.0,Regular
2023-07-27T16:13:06.481Z,XBTUSD,Buy,100,29283.0,MinusTick,e2bbcf65-4a9c-5a9c-ba46-58fa0d214a86,341495,0.00341495,100.0,Regular
2023-07-27T16:13:07.191Z,XBTUSD,Sell,100,29282.5,MinusTick,7755722e-8c60-8e57-398b-71e35432bc0a,341501,0.00341501,100.0,Regular
2023-07-27T16:13:07.191Z,XBTUSD,Sell,1300,29279.5,MinusTick,7dd869a7-e2e2-1fc0-15ee-269be062f66e,4439968,0.04439968,1300.0,Regular
2023-07-27T16:13:15.827Z,XBTUSD,Sell,1900,29279.5,ZeroMinusTick,251e5f1c-aec1-8477-a722-255562b398ff,6489184,0.06489184,1900.0,Regular
2023-07-27T16:13:15.868Z,XBTUSD,Sell,900,29279.5,ZeroMinusTick,1966a1f9-59c4-ea42-dacd-cb9e0d260277,3073824,0.03073824,900.0,Regular
2023-07-27T16:13:15.896Z,XBTUSD,Sell,8400,29279.5,ZeroMinusTick,c159fbc1-2be4-0322-1628-a8108bc91868,28689024,0.28689024,8400.0,Regular
2023-07-27T16:13:15.896Z,XBTUSD,Sell,500,29279.5,ZeroMinusTick,72083d3b-fb06-bdd6-c2d2-ef848aea296f,1707680,0.0170768,500.0,Regular
2023-07-27T16:13:15.896Z,XBTUSD,Sell,100,29279.5,ZeroMinusTick,0241cef2-0b1d-32b5-4b27-79fa6ad1d731,341536,0.00341536,100.0,Regular
2023-07-27T16:13:15.896Z,XBTUSD,Sell,5000,29279.0,MinusTick,ea777aee-a4ae-278c-2f8c-85f2a7d89c97,17077100,0.170771,5000.0,Regular
2023-07-27T16:13:36.931Z,XBTUSD,Buy,200,29275.5,MinusTick,3bc874db-c3c9-4c63-ee95-f7f5ca25520a,683166,0.00683166,200.0,Regular
2023-07-27T16:14:09.957Z,XBTUSD,Buy,100,29278.5,PlusTick,5b948670-5c4c-3eaa-7f2d-e7f2a906c7f0,341548,0.00341548,100.0,Regular
2023-07-27T16:14:15.094Z,XBTUSD,Buy,300,29280.0,PlusTick,a17f138f-bef9-81c0-6d22-9ed5a8d465ea,1024590,0.0102459,300.0,Regular
2023-07-27T16:14:15.094Z,XBTUSD,Buy,300,29280.0,ZeroPlusTick,f46ded6b-a84e-6e18-b3a2-00228adfc8ff,1024590,0.0102459,300.0,Regular
2023-07-27T16:14:20.510Z,XBTUSD,Sell,42000,29282.0,PlusTick,836c0c13-f8e4-db93-4d7b-91dff3d4e095,143432940,1.4343294,42000.0,Regular
2023-07-27T16:14:20.510Z,XBTUSD,Sell,7000,29282.0,ZeroPlusTick,cd1ffdf6-8d38-50f2-cc42-23ee48b70be5,23905490,0.2390549,7000.0,Regular
2023-07-27T16:14:37.022Z,XBTUSD,Sell,1100,29282.0,ZeroPlusTick,59c9d5b0-6f4c-20d1-fd73-e0290e82d8a2,3756577,0.03756577,1100.0,Regular
2023-07-27T16:14:37.022Z,XBTUSD,Sell,900,29282.0,ZeroPlusTick,3b983762-28d8-6b94-4fa6-4a470ece1331,3073563,0.03073563,900.0,Regular
2023-07-27T16:14:37.022Z,XBTUSD,Sell,5500,29282.0,ZeroPlusTick,0d6602f9-a8aa-805d-8760-f7e50f430d77,18782885,0.18782885,5500.0,Regular
2023-07-27T16:14:37.022Z,XBTUSD,Sell,3100,29282.0,ZeroPlusTick,33290ea6-5be4-e63e-c049-028ab8ca4dde,10586717,0.10586717,3100.0,Regular
2023-07-27T16:14:37.022Z,XBTUSD,Sell,1000,29282.0,ZeroPlusTick,c1bd6ecb-fd49-84cd-2e81-e5fdb206db66,3415070,0.0341507,1000.0,Regular
2023-07-27T16:14:37.022Z,XBTUSD,Sell,100,29282.0,ZeroPlusTick,1be70cef-469c-f105-5939-b286bc6c5c62,341507,0.00341507,100.0,Regular
2023-07-27T16:14:37.022Z,XBTUSD,Sell,200,29282.0,ZeroPlusTick,8072b763-dde5-8b0d-8262-43f6c2931eb9,683014,0.00683014,200.0,Regular
2023-07-27T16:14:37.022Z,XBTUSD,Sell,200,29282.0,ZeroPlusTick,ae533858-f5e2-6517-8b01-319ac6bb4bdb,683014,0.00683014,200.0,Regular
2023-07-27T16:14:37.022Z,XBTUSD,Sell,400,29282.0,ZeroPlusTick,4cd2bd78-52b3-3951-62af-7da4e0cb16f5,1366028,0.01366028,400.0,Regular
2023-07-27T16:14:37.022Z,XBTUSD,Sell,100,29282.0,ZeroPlusTick,2b26cf42-6fe7-2861-2bb7-187f003fa6d7,341507,0.00341507,100.0,Regular
2023-07-27T16:14:37.022Z,XBTUSD,Sell,2400,29282.0,ZeroPlusTick,4fe2c71a-fd63-4565-38ab-6868f6ecc88b,8196168,0.08196168,2400.0,Regular
2023-07-27T16:14:37.032Z,XBTUSD,Sell,5000,29280.0,MinusTick,ed429e94-52cb-e9e2-0108-667528fed606,17076500,0.170765,5000.0,Regular
2023-07-27T16:15:08.532Z,XBTUSD,Buy,100,29278.5,MinusTick,ef0c4ede-4e69-6280-ed3f-9945fce42de4,341548,0.00341548,100.0,Regular
2023-07-27T16:15:08.532Z,XBTUSD,Buy,300,29278.5,ZeroMinusTick,4e88b70d-442b-c610-b042-f348e20221a5,1024644,0.01024644,300.0,Regular
2023-07-27T16:15:08.701Z,XBTUSD,Sell,4100,29280.5,PlusTick,fd687ef3-4f2e-06e7-862f-d0aa988aa291,14002484,0.14002484,4100.0,Regular
2023-07-27T16:15:27.667Z,XBTUSD,Buy,100,29282.0,PlusTick,5eb7e67c-6717-4211-8dac-877a7d801b3b,341507,0.00341507,100.0,Regular
2023-07-27T16:15:27.696Z,XBTUSD,Buy,200,29282.0,ZeroPlusTick,0290afb3-0ca4-1943-4db3-9dfa1e433e40,683014,0.00683014,200.0,Regular
2023-07-27T16:15:27.696Z,XBTUSD,Buy,300,29282.0,ZeroPlusTick,9f5ecdc6-1f1e-52fe-adfd-c6df559cacb7,1024521,0.01024521,300.0,Regular
2023-07-27T16:15:27.696Z,XBTUSD,Buy,300,29282.0,ZeroPlusTick,3c5ec793-b005-3bf4-e200-8faf30146cfb,1024521,0.01024521,300.0,Regular
2023-07-27T16:15:54.976Z,XBTUSD,Buy,4200,29283.5,PlusTick,56f7f67f-26e6-1862-ce93-070496c335ce,14342538,0.14342538,4200.0,Regular
2023-07-27T16:15:54.982Z,XBTUSD,Buy,3500,29283.5,ZeroPlusTick,01173bd9-a2a0-375e-f184-190f6e9d6776,11952115,0.11952115,3500.0,Regular
2023-07-27T16:15:54.982Z,XBTUSD,Buy,600,29283.5,ZeroPlusTick,e36ac388-2da4-c50a-6bb9-f3878760be78,2048934,0.02048934,600.0,Regular
2023-07-27T16:15:54.982Z,XBTUSD,Buy,1900,29283.5,ZeroPlusTick,1d479eb2-9341-ea66-78c3-bc3a82f72a11,6488291,0.06488291,1900.0,Regular
2023-07-27T16:15:54.988Z,XBTUSD,Buy,100,29286.0,PlusTick,815d7fb0-e197-fb2c-fe15-8306177d1b75,341460,0.0034146,100.0,Regular
2023-07-27T16:15:54.988Z,XBTUSD,Buy,300,29286.5,PlusTick,3a67bf3b-7b40-6633-cae4-8a96d5cc987b,1024362,0.01024362,300.0,Regular
2023-07-27T16:15:54.988Z,XBTUSD,Buy,300,29286.5,ZeroPlusTick,667f4386-22ec-3307-9d39-a8efeb2ff7cf,1024362,0.01024362,300.0,Regular
2023-07-27T16:16:06.926Z,XBTUSD,Sell,5000,29287.5,PlusTick,42f6fcf5-8512-5927-336b-44be06771660,17072150,0.1707215,5000.0,Regular
2023-07-27T16:16:06.926Z,XBTUSD,Sell,100,29287.5,ZeroPlusTick,51f35a34-0050-1e4f-d442-d67039f067d4,341443,0.00341443,100.0,Regular
2023-07-27T16:16:07.465Z,XBTUSD,Sell,1400,29283.0,MinusTick,23d60de3-8682-0ec1-b0a8-d28ed9fa0921,4780930,0.0478093,1400.0,Regular
2023-07-27T16:16:07.465Z,XBTUSD,Sell,200,29283.0,ZeroMinusTick,24e842ed-25a8-b482-52e9-aa61ce8375f8,682990,0.0068299,200.0,Regular
2023-07-27T16:16:07.465Z,XBTUSD,Sell,41300,29283.0,ZeroMinusTick,75c414ef-c386-5bdb-e5a4-30af934a6d56,141037435,1.41037435,41300.0,Regular
2023-07-27T16:16:07.465Z,XBTUSD,Sell,100,29283.0,ZeroMinusTick,3aad8825-9b12-8915-0462-5dfa5cbe4a0c,341495,0.00341495,100.0,Regular
2023-07-27T16:16:07.465Z,XBTUSD,Sell,2000,29283.0,ZeroMinusTick,abbf9537-b8db-0ca3-242e-46bf997faf2f,6829900,0.068299,2000.0,Regular
2023-07-27T16:16:07.465Z,XBTUSD,Sell,100,29283.0,ZeroMinusTick,7cc2ad6a-cbd1-db2b-da46-0069bff9bd29,341495,0.00341495,100.0,Regular
2023-07-27T16:16:07.465Z,XBTUSD,Sell,200,29283.0,ZeroMinusTick,2559c0a9-283e-4bb7-fc74-84bdd2878962,682990,0.0068299,200.0,Regular
2023-07-27T16:16:07.465Z,XBTUSD,Sell,200,29283.0,ZeroMinusTick,c1fd19e5-9d37-d63e-c294-02a7e69744c3,682990,0.0068299,200.0,Regular
2023-07-27T16:16:07.465Z,XBTUSD,Sell,100,29282.5,MinusTick,bb8419b5-28c6-67c5-f400-674dad3a9a1e,341501,0.00341501,100.0,Regular
2023-07-27T16:16:13.616Z,XBTUSD,Buy,30000,29280.0,MinusTick,00e3b9b4-8630-a0aa-390c-926124752285,102459000,1.02459,30000.0,Regular
2023-07-27T16:16:17.607Z,XBTUSD,Sell,100,29279.5,MinusTick,d19b1277-011d-582c-1c81-43f3b7087e8f,341536,0.00341536,100.0,Regular
2023-07-27T16:16:26.297Z,XBTUSD,Sell,800,29279.5,ZeroMinusTick,685b1686-8927-17b2-ebe9-12474b66d8aa,2732288,0.02732288,800.0,Regular
2023-07-27T16:16:26.297Z,XBTUSD,Sell,1300,29279.5,ZeroMinusTick,afb9afba-c8fc-2662-7fe1-e50a1d774b7f,4439968,0.04439968,1300.0,Regular
2023-07-27T16:16:26.297Z,XBTUSD,Sell,600,29279.5,ZeroMinusTick,ff64e86b-676a-f609-ed85-c5b249c56b28,2049216,0.02049216,600.0,Regular
2023-07-27T16:16:26.297Z,XBTUSD,Sell,100,29279.5,ZeroMinusTick,98c1bb28-af45-80fb-dcd5-793ee30f803d,341536,0.00341536,100.0,Regular
2023-07-27T16:16:26.297Z,XBTUSD,Sell,600,29279.5,ZeroMinusTick,ad43be5c-6d78-9f0c-a682-88d1f358e677,2049216,0.02049216,600.0,Regular
2023-07-27T16:16:26.297Z,XBTUSD,Sell,10500,29279.5,ZeroMinusTick,d2618803-0e16-6b36-3ed3-e1836efdfbc5,35861280,0.3586128,10500.0,Regular
2023-07-27T16:16:26.297Z,XBTUSD,Sell,16900,29279.5,ZeroMinusTick,648057ae-dbbc-5de1-b309-7d21cf2d668b,57719584,0.57719584,16900.0,Regular
2023-07-27T16:16:52.221Z,XBTUSD,Sell,100,29275.0,MinusTick,e71827f9-daf9-9f34-f6b6-c3917fb5aa96,341588,0.00341588,100.0,Regular
2023-07-27T16:16:52.221Z,XBTUSD,Sell,100,29275.0,ZeroMinusTick,f0a3f3bd-d90c-a8ed-d786-0e65b7f0ced8,341588,0.00341588,100.0,Regular
2023-07-27T16:16:55.830Z,XBTUSD,Sell,100,29275.0,ZeroMinusTick,0f98ca15-44af-3de2-0387-4f271333060f,341588,0.00341588,100.0,Regular
2023-07-27T16:16:55.830Z,XBTUSD,Sell,100,29275.0,ZeroMinusTick,054da39f-977d-5432-579e-813eae674d4f,341588,0.00341588,100.0,Regular
2023-07-27T16:16:55.830Z,XBTUSD,Sell,400,29275.0,ZeroMinusTick,dd25d7f9-8a5f-ea95-86a1-e9a91d382215,1366352,0.01366352,400.0,Regular
2023-07-27T16:17:15.265Z,XBTUSD,Buy,1800,29275.5,PlusTick,9b0866f0-db23-a937-cd18-ed6be9d79bb3,6148494,0.06148494,1800.0,Regular
2023-07-27T16:17:16.112Z,XBTUSD,Sell,45100,29275.0,MinusTick,f26c6a5e-733e-6897-dc13-eacee76d62d3,154056188,1.54056188,45100.0,Regular
2023-07-27T16:17:35.235Z,XBTUSD,Buy,100,29275.5,PlusTick,fd4cc1c5-0980-6727-f58d-cd88ba7d4f82,341583,0.00341583,100.0,Regular
2023-07-27T16:18:13.308Z,XBTUSD,Sell,1900,29275.0,MinusTick,cd5e7628-63d3-734c-f93a-fe21dfbd4efc,6490172,0.06490172,1900.0,Regular
2023-07-27T16:18:13.308Z,XBTUSD,Sell,2800,29275.0,ZeroMinusTick,e25f2a6f-c6f6-8dc6-355c-8afe57929a76,9564464,0.09564464,2800.0,Regular
2023-07-27T16:18:13.308Z,XBTUSD,Sell,2200,29275.0,ZeroMinusTick,839ec0d4-2183-a785-d92b-8239d42db701,7514936,0.07514936,2200.0,Regular
2023-07-27T16:18:13.308Z,XBTUSD,Sell,200,29275.0,ZeroMinusTick,4b5680c4-0686-7799-939d-a750bf94115b,683176,0.00683176,200.0,Regular
2023-07-27T16:18:13.308Z,XBTUSD,Sell,200,29275.0,ZeroMinusTick,f7e07817-0a00-9753-eafc-2c46220533b7,683176,0.00683176,200.0,Regular
2023-07-27T16:18:13.308Z,XBTUSD,Sell,100,29275.0,ZeroMinusTick,172c80fb-9912-d78e-ecb1-0e14db26526a,341588,0.00341588,100.0,Regular
2023-07-27T16:18:13.308Z,XBTUSD,Sell,100,29272.0,MinusTick,4e37f2c6-0ca7-3bf5-f08a-6c35e138a233,341623,0.00341623,100.0,Regular
2023-07-27T16:18:13.308Z,XBTUSD,Sell,3300,29271.0,MinusTick,7972956b-6feb-3d0d-200c-b5faaacab4ab,11273955,0.11273955,3300.0,Regular
2023-07-27T16:18:19.830Z,XBTUSD,Buy,24900,29265.5,MinusTick,f45e0549-0089-6753-14ea-704ee0c3fc5a,85083051,0.85083051,24900.0,Regular
2023-07-27T16:18:19.830Z,XBTUSD,Buy,300,29265.5,ZeroMinusTick,4ab69b3d-ec68-e6a7-d183-16602174bc27,1025097,0.01025097,300.0,Regular
2023-07-27T16:18:19.830Z,XBTUSD,Buy,1300,29265.5,ZeroMinusTick,84745042-25a1-3a49-9099-32ce4289d0db,4442087,0.04442087,1300.0,Regular
2023-07-27T16:18:29.367Z,XBTUSD,Buy,100,29268.5,PlusTick,0e84e327-3c1c-9e5c-055f-4ef351173cdf,341664,0.00341664,100.0,Regular
2023-07-27T16:18:29.367Z,XBTUSD,Buy,14000,29268.5,ZeroPlusTick,6989dbd8-37ad-c09f-ed50-1400a34752a2,47832960,0.4783296,14000.0,Regular
2023-07-27T16:18:29.367Z,XBTUSD,Buy,1300,29268.5,ZeroPlusTick,2a0badb3-cd0c-855d-2111-e890d463e923,4441632,0.04441632,1300.0,Regular
2023-07-27T16:19:19.282Z,XBTUSD,Sell,500,29273.0,PlusTick,ff21c496-d362-086e-469d-54f604658586,1708060,0.0170806,500.0,Regular
2023-07-27T16:19:19.282Z,XBTUSD,Sell,200,29273.0,ZeroPlusTick,72d48187-5eab-cb6f-b97b-b356e16e7b7e,683224,0.00683224,200.0,Regular
2023-07-27T16:19:19.282Z,XBTUSD,Sell,700,29273.0,ZeroPlusTick,4b4e5b41-e417-ac45-c1e4-6a78df48c72a,2391284,0.02391284,700.0,Regular
2023-07-27T16:19:19.298Z,XBTUSD,Sell,100,29270.0,MinusTick,be5e2a16-9f99-96db-b595-067dc1705423,341647,0.00341647,100.0,Regular
2023-07-27T16:19:19.298Z,XBTUSD,Sell,5000,29269.0,MinusTick,6e2bfb03-58c5-e1e5-6dc7-87db43560b7c,17082900,0.170829,5000.0,Regular
2023-07-27T16:19:19.298Z,XBTUSD,Sell,2500,29269.0,ZeroMinusTick,b67d598c-9124-7ae6-d735-35773ba7c036,8541450,0.0854145,2500.0,Regular
2023-07-27T16:19:27.914Z,XBTUSD,Sell,169700,29265.5,MinusTick,a1f9afd4-cf1a-b8dd-403f-71e85d4b6b63,579863203,5.79863203,169700.0,Regular
2023-07-27T16:19:27.921Z,XBTUSD,Sell,9900,29265.5,ZeroMinusTick,93918e13-b0cb-2ce6-fbee-13336188a224,33828201,0.33828201,9900.0,Regular
2023-07-27T16:19:27.921Z,XBTUSD,Sell,100,29263.5,MinusTick,f3654243-6573-bcca-90c9-0c0db17c498c,341723,0.00341723,100.0,Regular
2023-07-27T16:19:27.921Z,XBTUSD,Sell,165100,29263.0,MinusTick,ac944da1-ff9f-b7c7-85e2-0c35815395f2,564192928,5.64192928,165100.0,Regular
2023-07-27T16:19:27.928Z,XBTUSD,Sell,9900,29263.0,ZeroMinusTick,af46bf14-e8f1-7466-e91b-485141b15310,33831072,0.33831072,9900.0,Regular
2023-07-27T16:19:31.644Z,XBTUSD,Buy,41700,29260.5,MinusTick,5cc7ddce-e778-8881-f128-791585d2b327,142513086,1.42513086,41700.0,Regular
2023-07-27T16:19:38.073Z,XBTUSD,Buy,100,29263.5,PlusTick,44d5dc03-8062-308a-9302-ddaffe1a98bf,341723,0.00341723,100.0,Regular
2023-07-27T16:19:38.073Z,XBTUSD,Buy,39200,29263.5,ZeroPlusTick,15e48c78-f90b-809d-7512-80dddac55832,133955416,1.33955416,39200.0,Regular
2023-07-27T16:19:38.073Z,XBTUSD,Buy,100,29263.5,ZeroPlusTick,31750ba3-a73b-e92b-606e-8a6e62ce5f0f,341723,0.00341723,100.0,Regular
2023-07-27T16:19:38.073Z,XBTUSD,Buy,500,29263.5,ZeroPlusTick,f06852fc-afa3-4da6-821d-ea1395f1ca28,1708615,0.01708615,500.0,Regular
2023-07-27T16:19:38.073Z,XBTUSD,Buy,3500,29263.5,ZeroPlusTick,aa441666-7a33-0856-fc84-de02e384963d,11960305,0.11960305,3500.0,Regular
2023-07-27T16:19:38.073Z,XBTUSD,Buy,300,29263.5,ZeroPlusTick,76bd24a4-5f9d-81b5-b95b-805e096be328,1025169,0.01025169,300.0,Regular
2023-07-27T16:19:44.216Z,XBTUSD,Buy,100,29265.0,PlusTick,b9a90b72-b0ae-1c6c-9de5-d1570adfb5d1,341705,0.00341705,100.0,Regular
2023-07-27T16:19:44.216Z,XBTUSD,Buy,100,29265.0,ZeroPlusTick,30aec604-42cc-82cb-7710-039b4ae707b7,341705,0.00341705,100.0,Regular
2023-07-27T16:19:44.216Z,XBTUSD,Buy,900,29265.0,ZeroPlusTick,a5875059-16c1-0f09-2180-895958454dce,3075345,0.03075345,900.0,Regular
2023-07-27T16:19:44.216Z,XBTUSD,Buy,300,29265.5,PlusTick,b1de1620-5b10-66fd-9a3b-ef609ec0f8c0,1025097,0.01025097,300.0,Regular
2023-07-27T16:19:44.216Z,XBTUSD,Buy,300,29266.0,PlusTick,be7566dc-47f4-b032-86e0-8446f710bc48,1025079,0.01025079,300.0,Regular
2023-07-27T16:19:44.216Z,XBTUSD,Buy,100,29266.5,PlusTick,db14e3bc-196b-2252-8a53-7f3a8af46c9c,341688,0.00341688,100.0,Regular
2023-07-27T16:19:44.216Z,XBTUSD,Buy,55900,29267.0,PlusTick,113e4b09-7a4e-0058-2cf3-3e1d4d1b1210,191000238,1.91000238,55900.0,Regular
2023-07-27T16:20:08.549Z,XBTUSD,Sell,15700,29267.0,ZeroPlusTick,de58a742-daa0-0c9b-88f8-857dad0603a3,53644074,0.53644074,15700.0,Regular
2023-07-27T16:20:08.549Z,XBTUSD,Sell,3800,29267.0,ZeroPlusTick,53a809d3-c54d-a5fa-cb59-b814cca6dc8c,12983916,0.12983916,3800.0,Regular
2023-07-27T16:20:52.555Z,XBTUSD,Sell,100,29264.0,MinusTick,a12566e3-9ddf-d7ee-65d9-7566facab85c,341717,0.00341717,100.0,Regular
2023-07-27T16:20:52.555Z,XBTUSD,Sell,3900,29264.0,ZeroMinusTick,d50544c1-5048-31b9-9a7a-1ef2fc7fc596,13326963,0.13326963,3900.0,Regular
2023-07-27T16:20:52.555Z,XBTUSD,Sell,200,29264.0,ZeroMinusTick,6c08612f-e74c-d653-8034-80dd1f7dca08,683434,0.00683434,200.0,Regular
2023-07-27T16:20:53.607Z,XBTUSD,Sell,100,29260.0,MinusTick,d9f62d43-15a8-a427-5c88-29a8eaf22d1f,341763,0.00341763,100.0,Regular
2023-07-27T16:22:48.405Z,XBTUSD,Buy,100,29260.5,PlusTick,dc134711-fe9f-ae89-d478-1d6231e68fdb,341758,0.00341758,100.0,Regular
2023-07-27T16:23:04.679Z,XBTUSD,Sell,100,29260.0,MinusTick,54ae6eac-8fb4-1ef0-91b6-92bde7e45568,341763,0.00341763,100.0,Regular
2023-07-27T16:23:04.679Z,XBTUSD,Sell,100,29260.0,ZeroMinusTick,54e4cd05-1e91-f0eb-16cc-b5c8bbf254a7,341763,0.00341763,100.0,Regular
2023-07-27T16:23:04.679Z,XBTUSD,Sell,100,29260.0,ZeroMinusTick,7d34ac52-bbd7-f006-da9a-1307603bb59a,341763,0.00341763,100.0,Regular
2023-07-27T16:23:04.679Z,XBTUSD,Sell,200,29260.0,ZeroMinusTick,88f83a48-ceea-0f97-a2f8-e58d1d3f2358,683526,0.00683526,200.0,Regular
2023-07-27T16:23:04.679Z,XBTUSD,Sell,200,29258.5,MinusTick,5aeb6626-7539-8e51-3433-e7680848c024,683562,0.00683562,200.0,Regular
2023-07-27T16:23:04.679Z,XBTUSD,Sell,1800,29258.0,MinusTick,90c0ed4d-c8a0-f05a-6323-6578194db964,6152166,0.06152166,1800.0,Regular
2023-07-27T16:23:04.686Z,XBTUSD,Sell,3200,29258.0,ZeroMinusTick,2496a2e9-9bc4-f568-acfb-4860bfe3bd38,10937184,0.10937184,3200.0,Regular
2023-07-27T16:23:04.686Z,XBTUSD,Sell,800,29257.5,MinusTick,cfaad5cb-3d39-5e8a-fabf-8913d8693f61,2734344,0.02734344,800.0,Regular
2023-07-27T16:23:04.686Z,XBTUSD,Sell,800,29257.5,ZeroMinusTick,3a58dc5d-328b-1776-db43-6194ab3c66ae,2734344,0.02734344,800.0,Regular
2023-07-27T16:23:04.686Z,XBTUSD,Sell,800,29257.5,ZeroMinusTick,13ca893b-9968-92dd-50bd-7722ba25cc8f,2734344,0.02734344,800.0,Regular
2023-07-27T16:23:04.686Z,XBTUSD,Sell,200,29257.5,ZeroMinusTick,1fda1dce-0cae-022b-a8e7-17384d84b209,683586,0.00683586,200.0,Regular
2023-07-27T16:23:04.686Z,XBTUSD,Sell,5800,29257.0,MinusTick,b0a5a639-560b-8e0a-623c-c354bdadef79,19824342,0.19824342,5800.0,Regular
2023-07-27T16:23:04.686Z,XBTUSD,Sell,200,29257.0,ZeroMinusTick,a509d7a2-4851-f7fe-2619-2adf33560db8,683598,0.00683598,200.0,Regular
2023-07-27T16:23:04.686Z,XBTUSD,Sell,200,29257.0,ZeroMinusTick,d8e8384b-2ceb-cbc1-b3c5-b1d687faea0b,683598,0.00683598,200.0,Regular
2023-07-27T16:23:04.686Z,XBTUSD,Sell,800,29256.5,MinusTick,7c6a16fc-8f73-becb-ef53-21ff6db477a7,2734432,0.02734432,800.0,Regular
2023-07-27T16:23:04.686Z,XBTUSD,Sell,800,29256.5,ZeroMinusTick,1d47ba2f-9e58-c291-e8f8-7e03d650e7a0,2734432,0.02734432,800.0,Regular
2023-07-27T16:23:04.686Z,XBTUSD,Sell,3300,29256.5,ZeroMinusTick,3d0bb7f0-4447-d205-56e0-ec0a72b2153e,11279532,0.11279532,3300.0,Regular
2023-07-27T16:23:04.690Z,XBTUSD,Sell,100,29256.0,MinusTick,a520b64c-375a-3ee8-2744-b34cf70e6da8,341810,0.0034181,100.0,Regular
2023-07-27T16:23:04.690Z,XBTUSD,Sell,3300,29256.0,ZeroMinusTick,e849f98f-9c8c-237c-0cad-92eb5e82e804,11279730,0.1127973,3300.0,Regular
2023-07-27T16:23:04.690Z,XBTUSD,Sell,3300,29255.5,MinusTick,e7a00b08-fe95-487f-917f-11b982acc5bf,11279928,0.11279928,3300.0,Regular
2023-07-27T16:23:04.690Z,XBTUSD,Sell,3300,29255.0,MinusTick,a99732e0-31ca-af80-f7be-3fb6b86e6e78,11280126,0.11280126,3300.0,Regular
2023-07-27T16:23:04.690Z,XBTUSD,Sell,200,29255.0,ZeroMinusTick,f31decab-59ec-bb87-093a-ae3cbad9ef0f,683644,0.00683644,200.0,Regular
2023-07-27T16:23:04.696Z,XBTUSD,Sell,800,29254.5,MinusTick,afdea6cb-7f8e-6d57-d97e-969ef320d79c,2734624,0.02734624,800.0,Regular
2023-07-27T16:23:04.696Z,XBTUSD,Sell,800,29254.5,ZeroMinusTick,c7e0a49d-3cb1-bd40-7c08-72366ebf4799,2734624,0.02734624,800.0,Regular
2023-07-27T16:23:04.696Z,XBTUSD,Sell,800,29254.5,ZeroMinusTick,b4e8d5ec-d324-d349-da73-247d3dda69bd,2734624,0.02734624,800.0,Regular
2023-07-27T16:23:04.696Z,XBTUSD,Sell,800,29254.5,ZeroMinusTick,e100a806-4108-c1a5-8e5a-ea8fa4227a04,2734624,0.02734624,800.0,Regular
2023-07-27T16:23:04.696Z,XBTUSD,Sell,800,29254.5,ZeroMinusTick,1fc439c7-33cd-e7c8-cd47-20c76cb6741d,2734624,0.02734624,800.0,Regular
2023-07-27T16:23:04.696Z,XBTUSD,Sell,300,29254.0,MinusTick,789de8c4-9a37-c553-60a7-e09a459d21b5,1025502,0.01025502,300.0,Regular
2023-07-27T16:23:04.696Z,XBTUSD,Sell,800,29253.5,MinusTick,8831e631-b2d5-833d-3a81-e106d178fc84,2734712,0.02734712,800.0,Regular
2023-07-27T16:23:04.696Z,XBTUSD,Sell,800,29253.5,ZeroMinusTick,ce0a3d4f-8fd5-091b-a7d9-6453d7e84483,2734712,0.02734712,800.0,Regular
2023-07-27T16:23:04.696Z,XBTUSD,Sell,800,29253.5,ZeroMinusTick,f7c8ee45-2397-aad8-2204-2ca523c044f9,2734712,0.02734712,800.0,Regular
2023-07-27T16:23:04.696Z,XBTUSD,Sell,22800,29253.0,MinusTick,129e10da-6586-2cfd-fac8-0e12094f8fd6,77940660,0.7794066,22800.0,Regular
2023-07-27T16:23:04.714Z,XBTUSD,Sell,19200,29253.0,ZeroMinusTick,caff28a8-2563-c4be-d15f-3fdd8b32739a,65634240,0.6563424,19200.0,Regular
2023-07-27T16:23:04.714Z,XBTUSD,Sell,200,29253.0,ZeroMinusTick,c1e7f985-3140-415a-f7b4-3ce0d12885eb,683690,0.0068369,200.0,Regular
2023-07-27T16:23:04.720Z,XBTUSD,Sell,800,29252.5,MinusTick,1072fbfb-4c3d-a9c2-140f-7575163fcc6a,2734808,0.02734808,800.0,Regular
2023-07-27T16:23:04.720Z,XBTUSD,Sell,800,29251.0,MinusTick,04bfeecf-93da-dc64-66b4-8793e87f44ab,2734952,0.02734952,800.0,Regular
2023-07-27T16:23:04.720Z,XBTUSD,Sell,800,29251.0,ZeroMinusTick,0c9a1cd2-e18e-184e-9f56-5efeeeb29b60,2734952,0.02734952,800.0,Regular
2023-07-27T16:23:04.720Z,XBTUSD,Sell,800,29251.0,ZeroMinusTick,2a16105f-459a-0f34-a619-c7ff3f92fcf5,2734952,0.02734952,800.0,Regular
2023-07-27T16:23:04.720Z,XBTUSD,Sell,800,29251.0,ZeroMinusTick,bbf4a434-9ac4-0762-57cf-91422fcbc514,2734952,0.02734952,800.0,Regular
2023-07-27T16:23:04.720Z,XBTUSD,Sell,800,29251.0,ZeroMinusTick,a2915a7a-6e06-a1da-603e-0d81c4bfa9b9,2734952,0.02734952,800.0,Regular
2023-07-27T16:23:04.720Z,XBTUSD,Sell,800,29251.0,ZeroMinusTick,61961d7f-fbb8-a0db-bd99-545cdeeb589a,2734952,0.02734952,800.0,Regular
2023-07-27T16:23:04.720Z,XBTUSD,Sell,800,29251.0,ZeroMinusTick,99932d02-9836-868b-0ac8-309b1e4e64f5,2734952,0.02734952,800.0,Regular
2023-07-27T16:23:04.720Z,XBTUSD,Sell,800,29251.0,ZeroMinusTick,51d48e3d-c494-aba9-904f-dce9dc65f10a,2734952,0.02734952,800.0,Regular
2023-07-27T16:23:04.720Z,XBTUSD,Sell,800,29251.0,ZeroMinusTick,9a12c590-1a08-f936-3ca9-cbedf94c45d7,2734952,0.02734952,800.0,Regular
2023-07-27T16:23:04.720Z,XBTUSD,Sell,800,29251.0,ZeroMinusTick,4b5270a1-944e-5fb0-da1c-0822b5b5c6d8,2734952,0.02734952,800.0,Regular
2023-07-27T16:23:04.720Z,XBTUSD,Sell,800,29251.0,ZeroMinusTick,7c4e685c-a8a0-f0e0-0e3a-90768024f31f,2734952,0.02734952,800.0,Regular
2023-07-27T16:23:04.720Z,XBTUSD,Sell,800,29251.0,ZeroMinusTick,f2778d0d-a6b1-dbf0-d108-77011b18ad11,2734952,0.02734952,800.0,Regular
2023-07-27T16:23:04.720Z,XBTUSD,Sell,100,29251.0,ZeroMinusTick,dcecc990-5e33-697c-6e02-bd687ce4b38b,341869,0.00341869,100.0,Regular
2023-07-27T16:23:04.720Z,XBTUSD,Sell,4000,29251.0,ZeroMinusTick,6a4f8037-e10b-4e12-2052-4d81436de862,13674760,0.1367476,4000.0,Regular
2023-07-27T16:23:04.720Z,XBTUSD,Sell,2000,29251.0,ZeroMinusTick,7e8d185a-62c9-a3ab-7ce1-ad480f96c77f,6837380,0.0683738,2000.0,Regular
2023-07-27T16:23:04.725Z,XBTUSD,Sell,800,29250.5,MinusTick,14234114-f483-4b29-e2fd-302bdd46fbcd,2734992,0.02734992,800.0,Regular
2023-07-27T16:23:04.725Z,XBTUSD,Sell,800,29250.5,ZeroMinusTick,cbd84fc4-e654-9868-6ba7-15d5c1aa9d70,2734992,0.02734992,800.0,Regular
2023-07-27T16:23:04.725Z,XBTUSD,Sell,800,29250.5,ZeroMinusTick,4b5098f8-56c8-deb5-ed34-4904168f8938,2734992,0.02734992,800.0,Regular
2023-07-27T16:23:04.725Z,XBTUSD,Sell,14200,29250.5,ZeroMinusTick,69c99c42-1cce-e031-1148-739aec634d25,48546108,0.48546108,14200.0,Regular
2023-07-27T16:23:04.731Z,XBTUSD,Sell,22100,29250.5,ZeroMinusTick,02f58f9a-4f3f-1b62-fba5-43c4d391d266,75554154,0.75554154,22100.0,Regular
2023-07-27T16:23:04.731Z,XBTUSD,Sell,100,29250.0,MinusTick,8671d8ba-ed45-985c-3ec7-bee3944a297d,341880,0.0034188,100.0,Regular
2023-07-27T16:23:04.731Z,XBTUSD,Sell,42000,29250.0,ZeroMinusTick,f9fc49e6-4b38-8bca-eb5e-eac4e6fa3bd6,143589600,1.435896,42000.0,Regular
2023-07-27T16:23:04.731Z,XBTUSD,Sell,9100,29250.0,ZeroMinusTick,f165477d-3906-f8ca-d0a3-6306b5121ac1,31111080,0.3111108,9100.0,Regular
2023-07-27T16:23:04.868Z,XBTUSD,Sell,5900,29250.0,ZeroMinusTick,d0c519f1-30c1-fb4e-54b5-f41c4fd7a24c,20170920,0.2017092,5900.0,Regular
2023-07-27T16:23:04.868Z,XBTUSD,Sell,2000,29250.0,ZeroMinusTick,7d14c79e-33d0-d93a-9007-928c2ff614e9,6837600,0.068376,2000.0,Regular
2023-07-27T16:23:04.868Z,XBTUSD,Sell,100,29250.0,ZeroMinusTick,c3ca7f28-8df2-928f-c091-ba199e4e477e,341880,0.0034188,100.0,Regular
2023-07-27T16:23:04.868Z,XBTUSD,Sell,800,29249.5,MinusTick,68eda2c9-17b6-ad1a-6472-b3b24349770a,2735088,0.02735088,800.0,Regular
2023-07-27T16:23:04.868Z,XBTUSD,Sell,800,29248.5,MinusTick,5b569d9f-8ff2-4ccd-67fe-354eceec8c57,2735184,0.02735184,800.0,Regular
2023-07-27T16:23:04.870Z,XBTUSD,Sell,100,29248.0,MinusTick,3a1d67b3-f52c-6e0f-9712-52998925560b,341904,0.00341904,100.0,Regular
2023-07-27T16:23:04.878Z,XBTUSD,Sell,700,29248.0,ZeroMinusTick,c81c136d-0fcc-ac88-97e6-130c3b91e4f0,2393328,0.02393328,700.0,Regular
2023-07-27T16:23:04.878Z,XBTUSD,Sell,33300,29247.5,MinusTick,c5c35314-7333-ee8d-b5bb-1522b134ad1a,113856030,1.1385603,33300.0,Regular
2023-07-27T16:23:04.878Z,XBTUSD,Sell,800,29247.0,MinusTick,de102f54-d907-5306-72ce-8877c7b1598a,2735320,0.0273532,800.0,Regular
2023-07-27T16:23:04.878Z,XBTUSD,Sell,800,29247.0,ZeroMinusTick,e330ee11-c489-a988-adb2-6e27e6493559,2735320,0.0273532,800.0,Regular
2023-07-27T16:23:04.878Z,XBTUSD,Sell,800,29247.0,ZeroMinusTick,f32cfb7c-3c92-45a5-1827-cddfaaef4f78,2735320,0.0273532,800.0,Regular
2023-07-27T16:23:04.878Z,XBTUSD,Sell,800,29247.0,ZeroMinusTick,dc6ba646-931e-f49d-90dd-ee3065a5b84a,2735320,0.0273532,800.0,Regular
2023-07-27T16:23:04.878Z,XBTUSD,Sell,800,29247.0,ZeroMinusTick,6a8a1241-8d6a-88fa-1400-7c66849b2f56,2735320,0.0273532,800.0,Regular
2023-07-27T16:23:04.878Z,XBTUSD,Sell,800,29247.0,ZeroMinusTick,45b11703-466e-0d65-90ca-13c449cbcb54,2735320,0.0273532,800.0,Regular
2023-07-27T16:23:04.878Z,XBTUSD,Sell,800,29247.0,ZeroMinusTick,72b4de65-75c7-e3d7-1f84-917578fa4142,2735320,0.0273532,800.0,Regular
2023-07-27T16:23:04.878Z,XBTUSD,Sell,800,29247.0,ZeroMinusTick,c939fbfe-9b49-52ea-4f72-77cbe766fde7,2735320,0.0273532,800.0,Regular
2023-07-27T16:23:04.878Z,XBTUSD,Sell,800,29247.0,ZeroMinusTick,95718be9-d358-e07c-2293-9ebb055f3f1a,2735320,0.0273532,800.0,Regular
2023-07-27T16:23:04.878Z,XBTUSD,Sell,800,29247.0,ZeroMinusTick,f937ad9d-e9ad-c30a-2f1e-ed7274784779,2735320,0.0273532,800.0,Regular
2023-07-27T16:23:04.878Z,XBTUSD,Sell,800,29247.0,ZeroMinusTick,8a64f3ee-3548-14f6-2d2a-feb4e58ffea6,2735320,0.0273532,800.0,Regular
2023-07-27T16:23:04.878Z,XBTUSD,Sell,800,29247.0,ZeroMinusTick,25a147c4-15a1-52cf-d240-5a97ded9dd28,2735320,0.0273532,800.0,Regular
2023-07-27T16:23:04.878Z,XBTUSD,Sell,800,29247.0,ZeroMinusTick,2ddb0668-e607-8321-1398-69a91bbaf89e,2735320,0.0273532,800.0,Regular
2023-07-27T16:23:04.878Z,XBTUSD,Sell,800,29247.0,ZeroMinusTick,34b44813-5dbb-35c2-8e2c-9d82d6f3f24f,2735320,0.0273532,800.0,Regular
2023-07-27T16:23:04.878Z,XBTUSD,Sell,800,29247.0,ZeroMinusTick,1cc3f033-b8e3-897a-16af-7d6f6bf9644f,2735320,0.0273532,800.0,Regular
2023-07-27T16:23:04.878Z,XBTUSD,Sell,5800,29247.0,ZeroMinusTick,8663e80e-6102-f1c9-a65f-416c87489368,19831070,0.1983107,5800.0,Regular
2023-07-27T16:23:04.902Z,XBTUSD,Sell,800,29249.5,PlusTick,65d7ada6-d926-0eaf-f9b4-c30a7baebb7c,2735088,0.02735088,800.0,Regular
2023-07-27T16:23:04.912Z,XBTUSD,Sell,2500,29249.5,ZeroPlusTick,cdd5bc64-c6e4-5753-98dc-825755be5533,8547150,0.0854715,2500.0,Regular
2023-07-27T16:23:04.948Z,XBTUSD,Sell,800,29246.5,MinusTick,8ce9bc6b-bf58-cf37-d535-ad90f02870c6,2735368,0.02735368,800.0,Regular
2023-07-27T16:23:04.948Z,XBTUSD,Sell,800,29245.5,MinusTick,c9798cb5-0e10-5ca6-d3f9-256258c8056f,2735464,0.02735464,800.0,Regular
2023-07-27T16:23:04.948Z,XBTUSD,Sell,800,29245.5,ZeroMinusTick,1df06a90-162e-1a1a-d3ac-21a698c042c2,2735464,0.02735464,800.0,Regular
2023-07-27T16:23:04.948Z,XBTUSD,Sell,800,29245.5,ZeroMinusTick,f7eec82a-156c-9d79-32c6-87494fb9f95c,2735464,0.02735464,800.0,Regular
2023-07-27T16:23:04.948Z,XBTUSD,Sell,800,29245.5,ZeroMinusTick,1fb99b5b-9586-05f7-68ff-b9547665395b,2735464,0.02735464,800.0,Regular
2023-07-27T16:23:04.948Z,XBTUSD,Sell,400,29245.5,ZeroMinusTick,063f2caa-be71-81bf-af90-e77bed2fc62d,1367732,0.01367732,400.0,Regular
2023-07-27T16:23:05.196Z,XBTUSD,Sell,400,29245.5,ZeroMinusTick,aba2eb10-44d2-b221-ed79-8dfbd021d68f,1367732,0.01367732,400.0,Regular
2023-07-27T16:23:05.196Z,XBTUSD,Sell,100,29245.5,ZeroMinusTick,7d92acec-59fe-af23-0bfa-49984b6b129a,341933,0.00341933,100.0,Regular
2023-07-27T16:23:05.225Z,XBTUSD,Sell,700,29245.5,ZeroMinusTick,a2c676bb-5d93-00b7-9eb1-bf78d9dd925d,2393531,0.02393531,700.0,Regular
2023-07-27T16:23:05.225Z,XBTUSD,Sell,800,29245.5,ZeroMinusTick,98daffc4-6e1c-5f71-6a32-175fefc46330,2735464,0.02735464,800.0,Regular
2023-07-27T16:23:05.225Z,XBTUSD,Sell,800,29245.5,ZeroMinusTick,88f23fbe-9630-2293-7d75-43e468f27aa2,2735464,0.02735464,800.0,Regular
2023-07-27T16:23:05.225Z,XBTUSD,Sell,800,29245.5,ZeroMinusTick,c450cdc4-d417-bc63-6f80-20173b8363b4,2735464,0.02735464,800.0,Regular
2023-07-27T16:23:05.225Z,XBTUSD,Sell,800,29245.5,ZeroMinusTick,b647a6b9-eb50-d7ea-229f-e8aad91ca11d,2735464,0.02735464,800.0,Regular
2023-07-27T16:23:05.225Z,XBTUSD,Sell,800,29245.5,ZeroMinusTick,85857217-7c1f-79ce-6ce3-dacc65a2e219,2735464,0.02735464,800.0,Regular
2023-07-27T16:23:05.324Z,XBTUSD,Sell,800,29244.5,MinusTick,fb78d719-69b1-1df4-0a48-787eda6fece8,2735560,0.0273556,800.0,Regular
2023-07-27T16:23:05.324Z,XBTUSD,Sell,800,29244.5,ZeroMinusTick,e9a32390-880d-bf51-8597-a64847bb335a,2735560,0.0273556,800.0,Regular
2023-07-27T16:23:05.324Z,XBTUSD,Sell,800,29244.5,ZeroMinusTick,cd19e6d7-8051-3720-167f-59a042d1ade6,2735560,0.0273556,800.0,Regular
2023-07-27T16:23:05.324Z,XBTUSD,Sell,800,29244.5,ZeroMinusTick,87936847-a93d-c84b-55a3-50bd7f598fd0,2735560,0.0273556,800.0,Regular
2023-07-27T16:23:05.324Z,XBTUSD,Sell,800,29244.5,ZeroMinusTick,8cde7165-54ec-ffa0-5f0f-d0b199082149,2735560,0.0273556,800.0,Regular
2023-07-27T16:23:05.324Z,XBTUSD,Sell,800,29244.5,ZeroMinusTick,098ad7f2-2c9b-6fb3-a9ab-83916e05f3c3,2735560,0.0273556,800.0,Regular
2023-07-27T16:23:05.324Z,XBTUSD,Sell,800,29244.5,ZeroMinusTick,86f5c060-5d5f-491d-7f7e-8549e15b1208,2735560,0.0273556,800.0,Regular
2023-07-27T16:23:05.324Z,XBTUSD,Sell,800,29244.5,ZeroMinusTick,0e5fdb98-9ca1-60e6-db42-99d3d3f2b55b,2735560,0.0273556,800.0,Regular
2023-07-27T16:23:05.324Z,XBTUSD,Sell,600,29244.0,MinusTick,4ca69ae4-7102-e596-fdd6-e134bb5d6895,2051700,0.020517,600.0,Regular
2023-07-27T16:23:05.324Z,XBTUSD,Sell,500,29244.0,ZeroMinusTick,7ca77ce5-7e58-2334-6049-cf934e46502d,1709750,0.0170975,500.0,Regular
2023-07-27T16:23:05.538Z,XBTUSD,Buy,43500,29247.5,PlusTick,8da1ab0b-610e-7a07-af30-9fb7a3146ec4,148730850,1.4873085,43500.0,Regular
2023-07-27T16:23:05.548Z,XBTUSD,Buy,12400,29247.5,ZeroPlusTick,0acd4c76-f0fd-8061-5033-3b40bf2e33bf,42396840,0.4239684,12400.0,Regular
2023-07-27T16:23:05.555Z,XBTUSD,Buy,9400,29248.0,PlusTick,fad49094-3d18-471b-8f7b-ed7358bd98eb,32138976,0.32138976,9400.0,Regular
2023-07-27T16:23:05.555Z,XBTUSD,Buy,42000,29248.0,ZeroPlusTick,6f5dbc62-b1c0-02c4-f9b6-84bcbc78b500,143599680,1.4359968,42000.0,Regular
2023-07-27T16:23:05.555Z,XBTUSD,Buy,12800,29248.0,ZeroPlusTick,01559584-79f7-8331-2883-854978307b13,43763712,0.43763712,12800.0,Regular
2023-07-27T16:23:05.556Z,XBTUSD,Buy,20700,29248.0,ZeroPlusTick,f3e427af-b504-9d3b-7235-3326ebe08c7c,70774128,0.70774128,20700.0,Regular
2023-07-27T16:23:05.556Z,XBTUSD,Buy,200,29248.5,PlusTick,1d9af8ea-d654-f925-3431-ad278daf61ab,683796,0.00683796,200.0,Regular
2023-07-27T16:23:05.623Z,XBTUSD,Sell,14500,29248.5,ZeroPlusTick,152fd8d2-7fa0-3649-9eee-16de74f152a0,49575210,0.4957521,14500.0,Regular
2023-07-27T16:23:05.630Z,XBTUSD,Sell,2200,29248.5,ZeroPlusTick,857f1852-f041-2339-065e-aa4dfc17f59a,7521756,0.07521756,2200.0,Regular
2023-07-27T16:23:06.023Z,XBTUSD,Sell,5200,29249.5,PlusTick,bbb83bdd-9f22-086c-6d7e-144c925925b1,17778072,0.17778072,5200.0,Regular
2023-07-27T16:23:08.747Z,XBTUSD,Buy,300,29250.0,PlusTick,2aca6f79-d1d1-b3b0-d6ee-eb6d806010a9,1025640,0.0102564,300.0,Regular
2023-07-27T16:23:08.747Z,XBTUSD,Buy,300,29250.0,ZeroPlusTick,99699195-51f0-d747-505c-8ebb01fbc4f5,1025640,0.0102564,300.0,Regular
2023-07-27T16:23:08.747Z,XBTUSD,Buy,200,29250.0,ZeroPlusTick,aacf3077-10a6-536d-097e-47ca6c06ca24,683760,0.0068376,200.0,Regular
2023-07-27T16:23:08.747Z,XBTUSD,Buy,700,29250.0,ZeroPlusTick,5eacf528-2393-3eb1-47bc-88a99968c36c,2393160,0.0239316,700.0,Regular
2023-07-27T16:23:08.747Z,XBTUSD,Buy,300,29250.0,ZeroPlusTick,86b99dab-9aba-bff0-149f-258f8061fb0d,1025640,0.0102564,300.0,Regular
2023-07-27T16:23:08.747Z,XBTUSD,Buy,37000,29250.0,ZeroPlusTick,b1a3b33c-17a8-4e9d-25fe-3b87bab7efff,126495600,1.264956,37000.0,Regular
2023-07-27T16:23:08.747Z,XBTUSD,Buy,5800,29250.5,PlusTick,ed8b4fb5-86ba-c65d-4e14-7d3c9bdf2b54,19828692,0.19828692,5800.0,Regular
2023-07-27T16:23:08.747Z,XBTUSD,Buy,37700,29250.5,ZeroPlusTick,0348c2d7-5a90-0cce-e7cb-a1bcd5094462,128886498,1.28886498,37700.0,Regular
2023-07-27T16:23:32.826Z,XBTUSD,Buy,300,29252.5,PlusTick,7e77fc2a-d5e1-fd9d-61f1-04355632c357,1025553,0.01025553,300.0,Regular
2023-07-27T16:23:32.826Z,XBTUSD,Buy,300,29252.5,ZeroPlusTick,2c81e3cc-9373-9cea-6a73-8f6dde2cffe3,1025553,0.01025553,300.0,Regular
2023-07-27T16:23:32.826Z,XBTUSD,Buy,1600,29252.5,ZeroPlusTick,13d96431-4214-a102-3f9c-e6bf4013d116,5469616,0.05469616,1600.0,Regular
2023-07-27T16:23:32.826Z,XBTUSD,Buy,1200,29252.5,ZeroPlusTick,eaaef957-69aa-0032-da26-a0b3eeeed4c8,4102212,0.04102212,1200.0,Regular
2023-07-27T16:23:32.826Z,XBTUSD,Buy,2000,29252.5,ZeroPlusTick,0bc94704-0f17-6922-e885-7b2fd54edcbc,6837020,0.0683702,2000.0,Regular
2023-07-27T16:23:32.826Z,XBTUSD,Buy,100,29252.5,ZeroPlusTick,57050451-d78a-2de5-a72e-287d5264af56,341851,0.00341851,100.0,Regular
2023-07-27T16:23:32.826Z,XBTUSD,Buy,200,29252.5,ZeroPlusTick,70d26144-8d7e-afcc-dc53-598a827ff741,683702,0.00683702,200.0,Regular
2023-07-27T16:23:32.826Z,XBTUSD,Buy,30300,29252.5,ZeroPlusTick,a87b5a4c-85b7-2016-86d9-323e47d0fdae,103580853,1.03580853,30300.0,Regular
2023-07-27T16:23:39.087Z,XBTUSD,Buy,1800,29252.5,ZeroPlusTick,5000ea4b-c4f9-7ac3-55a5-dcf7292d80d7,6153318,0.06153318,1800.0,Regular
2023-07-27T16:23:39.087Z,XBTUSD,Buy,800,29252.5,ZeroPlusTick,398051ef-37b4-c931-677e-7102afdb6fac,2734808,0.02734808,800.0,Regular
2023-07-27T16:23:39.087Z,XBTUSD,Buy,100,29252.5,ZeroPlusTick,67a3e72a-8676-04ea-c1da-d753dd4231d7,341851,0.00341851,100.0,Regular
2023-07-27T16:23:39.087Z,XBTUSD,Buy,300,29252.5,ZeroPlusTick,258f6402-edeb-68b4-60af-0180cc4e2d76,1025553,0.01025553,300.0,Regular
2023-07-27T16:23:39.087Z,XBTUSD,Buy,300,29252.5,ZeroPlusTick,eb97aa10-14d1-64b8-f9f7-6aea3ccd7d2d,1025553,0.01025553,300.0,Regular
2023-07-27T16:23:39.087Z,XBTUSD,Buy,300,29252.5,ZeroPlusTick,dbce817c-cebe-92ba-302d-1dec68732391,1025553,0.01025553,300.0,Regular
2023-07-27T16:23:39.087Z,XBTUSD,Buy,4700,29252.5,ZeroPlusTick,e98c8cbc-82de-4b67-533b-1ff80d79fb6e,16066997,0.16066997,4700.0,Regular
2023-07-27T16:23:39.087Z,XBTUSD,Buy,39700,29252.5,ZeroPlusTick,5b72ea40-afbf-957e-18e0-bbdf25cc1a3b,135714847,1.35714847,39700.0,Regular
2023-07-27T16:23:39.087Z,XBTUSD,Buy,200,29252.5,ZeroPlusTick,1c27df5b-d218-ce3f-5e38-513f315837ac,683702,0.00683702,200.0,Regular
2023-07-27T16:23:39.103Z,XBTUSD,Buy,800,29253.0,PlusTick,d171b898-e1b8-027c-926b-f85267bcaccd,2734760,0.0273476,800.0,Regular
2023-07-27T16:23:39.103Z,XBTUSD,Buy,55900,29254.0,PlusTick,bb27594a-2fc0-8602-99f3-e792982a2b32,191085206,1.91085206,55900.0,Regular
2023-07-27T16:23:42.510Z,XBTUSD,Buy,300,29255.0,PlusTick,50673fd9-854f-7307-f053-b838d7f0acc7,1025466,0.01025466,300.0,Regular
2023-07-27T16:23:42.510Z,XBTUSD,Buy,200,29255.0,ZeroPlusTick,3d248ac5-3643-3c16-d4ce-0b4eb5ac0e3f,683644,0.00683644,200.0,Regular
2023-07-27T16:23:51.990Z,XBTUSD,Buy,100,29255.0,ZeroPlusTick,5812ee70-97e6-9934-395e-75e22547a8cf,341822,0.00341822,100.0,Regular
2023-07-27T16:23:51.990Z,XBTUSD,Buy,500,29255.0,ZeroPlusTick,7173a62b-da0c-3abc-d5bf-69ec17343e71,1709110,0.0170911,500.0,Regular
2023-07-27T16:23:51.990Z,XBTUSD,Buy,300,29255.0,ZeroPlusTick,e0c5cad7-4e24-bb61-b9e2-6dbfc879d60a,1025466,0.01025466,300.0,Regular
2023-07-27T16:23:51.990Z,XBTUSD,Buy,400,29255.0,ZeroPlusTick,c5fcc23d-02fd-af7a-0ce2-9de43d319959,1367288,0.01367288,400.0,Regular
2023-07-27T16:23:52.046Z,XBTUSD,Buy,5800,29255.5,PlusTick,7f63b3dd-2ed5-9b0c-b34d-a3d87d74f791,19825328,0.19825328,5800.0,Regular
2023-07-27T16:23:52.046Z,XBTUSD,Buy,100,29255.5,ZeroPlusTick,67aa8348-2e8a-12c0-2df1-491003d24a2a,341816,0.00341816,100.0,Regular
2023-07-27T16:23:52.520Z,XBTUSD,Buy,300,29257.5,PlusTick,454318ad-41e6-19f2-c9cc-e5bd0d347e3b,1025379,0.01025379,300.0,Regular
2023-07-27T16:23:52.520Z,XBTUSD,Buy,300,29257.5,ZeroPlusTick,4f0acdb1-fce0-a45e-9439-90750bb4736d,1025379,0.01025379,300.0,Regular
2023-07-27T16:23:58.925Z,XBTUSD,Buy,200,29258.5,PlusTick,26cb537d-04ec-2383-0b11-0dc043964e5f,683562,0.00683562,200.0,Regular
2023-07-27T16:24:07.338Z,XBTUSD,Buy,4800,29258.5,ZeroPlusTick,6c2ae990-46e9-6fec-8615-45bbf29dac24,16405488,0.16405488,4800.0,Regular
2023-07-27T16:24:07.338Z,XBTUSD,Buy,300,29258.5,ZeroPlusTick,898d3034-31dc-607c-2f5c-d0202ae579bb,1025343,0.01025343,300.0,Regular
2023-07-27T16:24:07.338Z,XBTUSD,Buy,300,29258.5,ZeroPlusTick,71322307-41e8-1c07-2a68-83aeea48bd47,1025343,0.01025343,300.0,Regular
2023-07-27T16:24:07.338Z,XBTUSD,Buy,800,29258.5,ZeroPlusTick,bce1f61e-c606-5e3b-e07f-054bdc378ab6,2734248,0.02734248,800.0,Regular
2023-07-27T16:24:07.338Z,XBTUSD,Buy,200,29258.5,ZeroPlusTick,dfbfeba8-07ff-5bdf-e2d0-9c2bab58fb20,683562,0.00683562,200.0,Regular
2023-07-27T16:24:07.338Z,XBTUSD,Buy,200,29259.0,PlusTick,cfb08dcf-0af3-6f83-afdf-9bcd7003b7ce,683550,0.0068355,200.0,Regular
2023-07-27T16:24:07.338Z,XBTUSD,Buy,800,29259.0,ZeroPlusTick,70f00a2d-f1c3-b68d-5963-0e99a197aef6,2734200,0.027342,800.0,Regular
2023-07-27T16:24:07.338Z,XBTUSD,Buy,55900,29259.5,PlusTick,9983b463-751f-fbaf-b5f6-3196339f5e8d,191048871,1.91048871,55900.0,Regular
2023-07-27T16:24:08.172Z,XBTUSD,Buy,100,29260.0,PlusTick,444fcce9-ea81-e4bc-e5aa-663d3e2964f9,341763,0.00341763,100.0,Regular
2023-07-27T16:24:08.172Z,XBTUSD,Buy,8300,29260.0,ZeroPlusTick,5006a6ac-54e4-c4bc-fb53-c80d261f8491,28366329,0.28366329,8300.0,Regular
2023-07-27T16:24:08.172Z,XBTUSD,Buy,17200,29260.0,ZeroPlusTick,f136eaf6-de19-0f38-77d8-70f94a368f6e,58783236,0.58783236,17200.0,Regular
2023-07-27T16:24:08.172Z,XBTUSD,Buy,22400,29260.0,ZeroPlusTick,946e5c55-2915-1a01-2ff1-d1437f3e5861,76554912,0.76554912,22400.0,Regular
2023-07-27T16:24:08.172Z,XBTUSD,Buy,300,29260.0,ZeroPlusTick,ee835993-8a5f-6ab6-5cbb-98c4fdce3e89,1025289,0.01025289,300.0,Regular
2023-07-27T16:24:08.172Z,XBTUSD,Buy,5000,29260.0,ZeroPlusTick,85105499-6ac0-df70-a921-f511a9ef296d,17088150,0.1708815,5000.0,Regular
2023-07-27T16:24:08.172Z,XBTUSD,Buy,300,29260.0,ZeroPlusTick,0e24f2df-335a-d537-d72b-b134f695184c,1025289,0.01025289,300.0,Regular
2023-07-27T16:24:08.172Z,XBTUSD,Buy,41800,29260.0,ZeroPlusTick,ea2c91d3-502e-6581-5665-c559983bcbea,142856934,1.42856934,41800.0,Regular
2023-07-27T16:24:08.172Z,XBTUSD,Buy,55900,29260.5,PlusTick,554be6af-eed8-c809-10f3-42e694909696,191042722,1.91042722,55900.0,Regular
2023-07-27T16:24:08.172Z,XBTUSD,Buy,8400,29261.0,PlusTick,02e969a5-5584-033d-8fd8-8a1308eb05c6,28707168,0.28707168,8400.0,Regular
2023-07-27T16:24:08.320Z,XBTUSD,Buy,1000,29261.5,PlusTick,c47967c7-bab9-95e6-9107-98d353366acb,3417460,0.0341746,1000.0,Regular
2023-07-27T16:24:08.320Z,XBTUSD,Buy,300,29261.5,ZeroPlusTick,04aed685-2b88-85b7-3b7f-0c61d60972f5,1025238,0.01025238,300.0,Regular
2023-07-27T16:24:08.330Z,XBTUSD,Buy,300,29261.5,ZeroPlusTick,47c47128-e2ca-9a31-8868-fa0e391285e0,1025238,0.01025238,300.0,Regular
2023-07-27T16:24:12.198Z,XBTUSD,Buy,300,29263.0,PlusTick,1e16ed9a-8858-6c35-93e0-b1004078bcf6,1025184,0.01025184,300.0,Regular
2023-07-27T16:24:12.198Z,XBTUSD,Buy,300,29263.0,ZeroPlusTick,ae517ff3-673b-45da-9fd0-a8df00bc08b7,1025184,0.01025184,300.0,Regular
2023-07-27T16:24:12.207Z,XBTUSD,Buy,200,29263.5,PlusTick,2df309ce-b872-e3fa-4a6c-540ba232fb72,683446,0.00683446,200.0,Regular
2023-07-27T16:24:12.207Z,XBTUSD,Buy,200,29264.5,PlusTick,5e3c575f-489f-8b4b-1487-cb61ffd9e076,683422,0.00683422,200.0,Regular
2023-07-27T16:24:12.207Z,XBTUSD,Buy,4000,29265.5,PlusTick,c9fe0af9-afd0-2808-aa56-e46471ca1ea6,13667960,0.1366796,4000.0,Regular
2023-07-27T16:24:12.243Z,XBTUSD,Buy,200,29266.5,PlusTick,264ec52e-18f6-8e31-f68c-a04d779494f2,683376,0.00683376,200.0,Regular
2023-07-27T16:24:12.243Z,XBTUSD,Buy,200,29266.5,ZeroPlusTick,e7157dea-f72a-1b06-34fd-5a350c645c85,683376,0.00683376,200.0,Regular
2023-07-27T16:24:12.243Z,XBTUSD,Buy,200,29267.0,PlusTick,4bd1d490-ea04-2ef2-9cbe-9086193aadb9,683364,0.00683364,200.0,Regular
2023-07-27T16:24:12.258Z,XBTUSD,Buy,200,29267.0,ZeroPlusTick,5dbf4f2a-f473-c0e2-cf28-9d18897a4ee8,683364,0.00683364,200.0,Regular
2023-07-27T16:24:12.268Z,XBTUSD,Buy,100,29267.5,PlusTick,78e17478-ba5e-2b33-0db4-967014ec63aa,341676,0.00341676,100.0,Regular
2023-07-27T16:24:12.268Z,XBTUSD,Buy,200,29267.5,ZeroPlusTick,b36f1dd2-c71a-02de-dee6-58a5bae054ce,683352,0.00683352,200.0,Regular
2023-07-27T16:24:26.350Z,XBTUSD,Sell,100,29268.0,PlusTick,613cca20-2f90-593f-45f9-001e29ebbc71,341670,0.0034167,100.0,Regular
2023-07-27T16:24:26.350Z,XBTUSD,Sell,300,29268.0,ZeroPlusTick,46f70877-76aa-7092-cacc-1553f1693836,1025010,0.0102501,300.0,Regular
2023-07-27T16:24:37.203Z,XBTUSD,Buy,300,29265.5,MinusTick,c63ccb0c-de5e-2a88-116a-71805ee5288b,1025097,0.01025097,300.0,Regular
2023-07-27T16:24:37.203Z,XBTUSD,Buy,12300,29265.5,ZeroMinusTick,817edcdb-4f0d-bb3b-6fe5-b92b57109320,42028977,0.42028977,12300.0,Regular
2023-07-27T16:24:37.203Z,XBTUSD,Buy,19900,29265.5,ZeroMinusTick,3424f524-bd8c-dd0a-01b3-7ed9f75cce1a,67998101,0.67998101,19900.0,Regular
2023-07-27T16:24:37.203Z,XBTUSD,Buy,1100,29265.5,ZeroMinusTick,5ac82e59-a851-fd82-87ab-133c9d9aaf9d,3758689,0.03758689,1100.0,Regular
2023-07-27T16:24:37.203Z,XBTUSD,Buy,4700,29265.5,ZeroMinusTick,2c6eaa3e-37a0-adac-7239-4e46a14b6617,16059853,0.16059853,4700.0,Regular
2023-07-27T16:24:37.203Z,XBTUSD,Buy,1800,29265.5,ZeroMinusTick,17b87f20-f5e5-4ad1-1f0d-ae89d9d26dce,6150582,0.06150582,1800.0,Regular
2023-07-27T16:24:37.203Z,XBTUSD,Buy,200,29265.5,ZeroMinusTick,6a3d5f48-0967-6993-aeb9-e4aeacb6ab4e,683398,0.00683398,200.0,Regular
2023-07-27T16:24:37.203Z,XBTUSD,Buy,100,29265.5,ZeroMinusTick,bf50cbd6-dca7-a375-edb2-05692ae66925,341699,0.00341699,100.0,Regular
2023-07-27T16:24:37.203Z,XBTUSD,Buy,100,29265.5,ZeroMinusTick,449a4fa3-770c-8180-8f99-08a11c1ac5d4,341699,0.00341699,100.0,Regular
2023-07-27T16:24:48.803Z,XBTUSD,Buy,300,29267.0,PlusTick,59f0b75e-b87e-8f3a-832b-15aabe8da5b3,1025046,0.01025046,300.0,Regular
2023-07-27T16:24:48.803Z,XBTUSD,Buy,300,29267.0,ZeroPlusTick,534b9ede-de62-2494-10ae-588027e0a977,1025046,0.01025046,300.0,Regular
2023-07-27T16:24:48.803Z,XBTUSD,Buy,100,29267.0,ZeroPlusTick,fee5b76c-f090-8fca-2b2a-fac13f17cda1,341682,0.00341682,100.0,Regular
2023-07-27T16:24:58.693Z,XBTUSD,Sell,500,29268.0,PlusTick,047e8b01-2485-00eb-dc95-de6351219e5a,1708350,0.0170835,500.0,Regular
2023-07-27T16:25:03.888Z,XBTUSD,Sell,100,29268.0,ZeroPlusTick,8b9fe1e2-081f-4ef7-520e-f9ce26eea27f,341670,0.0034167,100.0,Regular
2023-07-27T16:25:08.892Z,XBTUSD,Sell,100,29265.0,MinusTick,46094a7c-0f3e-a1e1-3c81-2561cbdb7427,341705,0.00341705,100.0,Regular
2023-07-27T16:25:08.892Z,XBTUSD,Sell,400,29265.0,ZeroMinusTick,ee5461a5-beda-0a7b-b366-647404466c42,1366820,0.0136682,400.0,Regular
2023-07-27T16:25:16.722Z,XBTUSD,Sell,400,29265.0,ZeroMinusTick,c23ef611-69c7-32cd-0c18-a35385029b71,1366820,0.0136682,400.0,Regular
2023-07-27T16:25:22.176Z,XBTUSD,Buy,100,29265.5,PlusTick,b8a7c433-5aec-8deb-30a6-080aea4f2822,341699,0.00341699,100.0,Regular
2023-07-27T16:25:22.176Z,XBTUSD,Buy,500,29265.5,ZeroPlusTick,c5221188-83d1-3d72-7c54-c6774b88a7c0,1708495,0.01708495,500.0,Regular
2023-07-27T16:25:22.176Z,XBTUSD,Buy,5200,29265.5,ZeroPlusTick,a4300f38-af30-d4da-0c1e-93201fb9bc87,17768348,0.17768348,5200.0,Regular
2023-07-27T16:25:22.176Z,XBTUSD,Buy,2300,29265.5,ZeroPlusTick,f05b7c7e-d88d-6ded-c07c-0ef9f5a2ac8c,7859077,0.07859077,2300.0,Regular
2023-07-27T16:25:22.176Z,XBTUSD,Buy,500,29265.5,ZeroPlusTick,d30c0aff-b2e0-748a-25e7-72994697dc5d,1708495,0.01708495,500.0,Regular
2023-07-27T16:25:22.176Z,XBTUSD,Buy,600,29265.5,ZeroPlusTick,5ca9cb95-4c3e-35d5-446e-3c975c1ee13f,2050194,0.02050194,600.0,Regular
2023-07-27T16:25:22.188Z,XBTUSD,Buy,800,29266.5,PlusTick,97da8f7b-24af-1e2b-49cf-01d5eaecbb05,2733504,0.02733504,800.0,Regular
2023-07-27T16:25:23.127Z,XBTUSD,Buy,300,29267.0,PlusTick,32218b60-9839-a228-9e98-e80031f514f6,1025046,0.01025046,300.0,Regular
2023-07-27T16:25:23.127Z,XBTUSD,Buy,300,29267.0,ZeroPlusTick,3a2fb62e-78e1-7613-7852-c0756dd3ba56,1025046,0.01025046,300.0,Regular
2023-07-27T16:25:23.298Z,XBTUSD,Buy,100,29268.5,PlusTick,ea2bdb5f-6bb7-8f9d-7f9f-b94510c4c201,341664,0.00341664,100.0,Regular
2023-07-27T16:25:23.298Z,XBTUSD,Buy,800,29268.5,ZeroPlusTick,ced0e7ff-39ca-bce6-2901-76f35bca8ebd,2733312,0.02733312,800.0,Regular
2023-07-27T16:25:23.298Z,XBTUSD,Buy,300,29268.5,ZeroPlusTick,c11e9428-e499-a24f-b277-56e0e43d3190,1024992,0.01024992,300.0,Regular
2023-07-27T16:25:23.298Z,XBTUSD,Buy,300,29268.5,ZeroPlusTick,20d0a532-ffda-04e7-d962-351df6750e4d,1024992,0.01024992,300.0,Regular
2023-07-27T16:25:23.314Z,XBTUSD,Buy,800,29269.0,PlusTick,0ca3cc84-886d-c7b0-4897-88bc95148037,2733264,0.02733264,800.0,Regular
2023-07-27T16:25:24.006Z,XBTUSD,Buy,100,29270.0,PlusTick,232d7c97-64c2-a849-a523-5c0bf4764992,341647,0.00341647,100.0,Regular
2023-07-27T16:25:24.006Z,XBTUSD,Buy,300,29270.0,ZeroPlusTick,0aee5916-cb3f-068d-d1b2-1144d51886ca,1024941,0.01024941,300.0,Regular
2023-07-27T16:25:24.006Z,XBTUSD,Buy,300,29270.0,ZeroPlusTick,ad315b97-e2da-91b6-4440-dac65ee96696,1024941,0.01024941,300.0,Regular
2023-07-27T16:25:33.238Z,XBTUSD,Buy,300,29273.0,PlusTick,98823f1d-7c82-448c-9ed2-63d83629babf,1024836,0.01024836,300.0,Regular
2023-07-27T16:25:33.238Z,XBTUSD,Buy,300,29273.0,ZeroPlusTick,b9de5abd-213b-11b6-7cbd-c9a7fd2e2548,1024836,0.01024836,300.0,Regular
2023-07-27T16:25:33.238Z,XBTUSD,Buy,59200,29274.5,PlusTick,1b11d3c5-58c7-3dfc-3260-9c3460f246e2,202223648,2.02223648,59200.0,Regular
2023-07-27T16:25:33.238Z,XBTUSD,Buy,2200,29275.0,PlusTick,6b18634c-0226-3f84-5573-eed800533724,7514936,0.07514936,2200.0,Regular
2023-07-27T16:25:33.238Z,XBTUSD,Buy,25900,29275.0,ZeroPlusTick,ad0fee44-dc4a-0c3a-0e91-ceb5ef3c3c92,88471292,0.88471292,25900.0,Regular
2023-07-27T16:25:33.238Z,XBTUSD,Buy,22200,29275.5,PlusTick,878c2a21-ece4-b88c-5838-2d4a60ead60b,75831426,0.75831426,22200.0,Regular
2023-07-27T16:25:33.238Z,XBTUSD,Buy,9900,29275.5,ZeroPlusTick,798d9e64-2f8c-7b2b-8bcf-353ef003446c,33816717,0.33816717,9900.0,Regular
2023-07-27T16:25:37.408Z,XBTUSD,Buy,300,29274.0,MinusTick,a49c4255-81df-ec7e-5549-e4fef3651c13,1024800,0.010248,300.0,Regular
2023-07-27T16:25:37.408Z,XBTUSD,Buy,300,29274.0,ZeroMinusTick,14624526-403a-158d-f0ce-33c3ff5a800f,1024800,0.010248,300.0,Regular
2023-07-27T16:25:37.408Z,XBTUSD,Buy,45700,29274.0,ZeroMinusTick,86629dc9-de86-230a-6ff4-164abae1bec8,156111200,1.561112,45700.0,Regular
2023-07-27T16:25:37.408Z,XBTUSD,Buy,2200,29274.5,PlusTick,42a9b85f-9f2e-b533-2d3a-3c3bde88c728,7515068,0.07515068,2200.0,Regular
2023-07-27T16:25:37.408Z,XBTUSD,Buy,8500,29275.0,PlusTick,5a8909cb-b7ad-b16d-e978-210086ae6adb,29034980,0.2903498,8500.0,Regular
2023-07-27T16:25:37.408Z,XBTUSD,Buy,13700,29275.5,PlusTick,154f8c9e-7fa4-3143-6837-8978aeed18a6,46796871,0.46796871,13700.0,Regular
2023-07-27T16:25:37.408Z,XBTUSD,Buy,19600,29276.0,PlusTick,97e9d6e3-778a-7730-580f-555188013447,66949092,0.66949092,19600.0,Regular
2023-07-27T16:25:37.408Z,XBTUSD,Buy,29700,29276.0,ZeroPlusTick,b7ae35a2-9ba3-e77f-6cb2-3fc1af76fdfa,101448369,1.01448369,29700.0,Regular
2023-07-27T16:25:52.530Z,XBTUSD,Buy,1300,29275.5,MinusTick,7abf3721-823f-e291-3799-6e08a1fc69a7,4440579,0.04440579,1300.0,Regular
2023-07-27T16:25:54.601Z,XBTUSD,Buy,300,29275.5,ZeroMinusTick,64fe8a3c-1df4-5aa5-ee7c-10946c61d617,1024749,0.01024749,300.0,Regular
2023-07-27T16:25:54.601Z,XBTUSD,Buy,300,29275.5,ZeroMinusTick,101c4c7a-c23f-9ef6-5500-ca4b136af840,1024749,0.01024749,300.0,Regular
2023-07-27T16:25:54.601Z,XBTUSD,Buy,41300,29275.5,ZeroMinusTick,07587950-5289-4736-cd6d-8460c783c2f4,141073779,1.41073779,41300.0,Regular
2023-07-27T16:25:54.601Z,XBTUSD,Buy,22200,29275.5,ZeroMinusTick,58b603ba-b12f-4c85-657f-1ad5a97adb52,75831426,0.75831426,22200.0,Regular
2023-07-27T16:25:54.601Z,XBTUSD,Buy,800,29275.5,ZeroMinusTick,cdad09a4-c07f-6e86-bc9b-a65fd635ebe6,2732664,0.02732664,800.0,Regular
2023-07-27T16:25:54.601Z,XBTUSD,Buy,22400,29275.5,ZeroMinusTick,a681571c-a9f6-f211-6b6e-3f8c2f07f6ff,76514592,0.76514592,22400.0,Regular
2023-07-27T16:26:00.547Z,XBTUSD,Sell,26700,29275.5,ZeroMinusTick,16f1b6cb-789b-1a1a-b7a7-94c7e39d6d2a,91202661,0.91202661,26700.0,Regular
2023-07-27T16:26:00.547Z,XBTUSD,Sell,29900,29275.5,ZeroMinusTick,00974a27-5d5b-49d5-8924-1aa1e8f9fa2b,102133317,1.02133317,29900.0,Regular
2023-07-27T16:26:00.547Z,XBTUSD,Sell,29200,29275.5,ZeroMinusTick,88926b04-233f-b218-2f75-8043078a6ebd,99742236,0.99742236,29200.0,Regular
2023-07-27T16:26:00.547Z,XBTUSD,Sell,1200,29275.5,ZeroMinusTick,5f2c31b8-99fd-f486-ff21-fb01579f144c,4098996,0.04098996,1200.0,Regular
2023-07-27T16:26:00.547Z,XBTUSD,Sell,193500,29275.5,ZeroMinusTick,869e5275-a359-8c69-7ac0-9a4cbe9ab446,660963105,6.60963105,193500.0,Regular
2023-07-27T16:26:05.845Z,XBTUSD,Sell,23100,29275.5,ZeroMinusTick,29f42b03-de8f-b6f0-6fec-6f1c336450a1,78905673,0.78905673,23100.0,Regular
2023-07-27T16:26:05.849Z,XBTUSD,Sell,160100,29275.5,ZeroMinusTick,06c563cc-4253-b2d1-bd46-4d95eedfdf02,546874383,5.46874383,160100.0,Regular
2023-07-27T16:26:06.118Z,XBTUSD,Sell,104800,29275.5,ZeroMinusTick,bedd3bd3-8b51-8de5-57ba-fced951bd9dd,357978984,3.57978984,104800.0,Regular
2023-07-27T16:26:07.441Z,XBTUSD,Sell,800,29275.5,ZeroMinusTick,0ff04412-4835-d530-6f98-abe1520baeda,2732664,0.02732664,800.0,Regular
2023-07-27T16:26:07.735Z,XBTUSD,Sell,800,29275.5,ZeroMinusTick,984870d6-e36f-8b31-e01c-fafabb647cac,2732664,0.02732664,800.0,Regular
2023-07-27T16:26:08.903Z,XBTUSD,Sell,16900,29275.5,ZeroMinusTick,94c9352d-de87-14e0-bd60-b441610e3bb1,57727527,0.57727527,16900.0,Regular
2023-07-27T16:26:08.903Z,XBTUSD,Sell,200,29275.5,ZeroMinusTick,e21e4306-9376-75a5-6b48-85b00104e293,683166,0.00683166,200.0,Regular
2023-07-27T16:26:08.903Z,XBTUSD,Sell,1700,29275.5,ZeroMinusTick,349a452b-5969-b9e2-2a6c-49260f66d643,5806911,0.05806911,1700.0,Regular
2023-07-27T16:26:08.903Z,XBTUSD,Sell,1200,29275.5,ZeroMinusTick,651c5f48-9899-3b45-4c97-06beef398377,4098996,0.04098996,1200.0,Regular
2023-07-27T16:26:08.903Z,XBTUSD,Sell,1900,29275.5,ZeroMinusTick,3e9eec1f-4977-371b-4668-912ba3dad37d,6490077,0.06490077,1900.0,Regular
2023-07-27T16:26:08.903Z,XBTUSD,Sell,4200,29275.5,ZeroMinusTick,93011e64-fdeb-4837-7eed-026530ec01ad,14346486,0.14346486,4200.0,Regular
2023-07-27T16:26:08.903Z,XBTUSD,Sell,300,29275.5,ZeroMinusTick,3a3063be-ff2e-3228-ef76-e8079891d5d4,1024749,0.01024749,300.0,Regular
2023-07-27T16:26:08.903Z,XBTUSD,Sell,100,29275.5,ZeroMinusTick,2a30d21f-1db1-31a5-4a54-0c63c5c31bbd,341583,0.00341583,100.0,Regular
2023-07-27T16:26:08.903Z,XBTUSD,Sell,100,29275.5,ZeroMinusTick,b622f2f7-a5d2-ee3c-18fb-7c695a413b26,341583,0.00341583,100.0,Regular
2023-07-27T16:26:08.903Z,XBTUSD,Sell,46100,29275.5,ZeroMinusTick,174db419-2373-65e0-1ca2-ece75f70605e,157469763,1.57469763,46100.0,Regular
2023-07-27T16:26:12.144Z,XBTUSD,Sell,800,29275.5,ZeroMinusTick,604eb9f6-84f8-5a6f-c6d6-17d721863f67,2732664,0.02732664,800.0,Regular
2023-07-27T16:26:12.585Z,XBTUSD,Sell,800,29275.5,ZeroMinusTick,c33b91ce-d812-46d4-ea03-3ce54d3a5a3d,2732664,0.02732664,800.0,Regular
2023-07-27T16:26:13.822Z,XBTUSD,Sell,800,29275.5,ZeroMinusTick,331bd7c0-aa9e-9539-9818-e5da146b68b8,2732664,0.02732664,800.0,Regular
2023-07-27T16:26:13.890Z,XBTUSD,Sell,7500,29275.5,ZeroMinusTick,9f5d1060-bebc-baf3-1609-7acdb70e8670,25618725,0.25618725,7500.0,Regular
2023-07-27T16:26:13.890Z,XBTUSD,Sell,300,29275.5,ZeroMinusTick,afa5dffa-baa4-f094-a183-f4a38e5518d3,1024749,0.01024749,300.0,Regular
2023-07-27T16:26:13.890Z,XBTUSD,Sell,400,29275.5,ZeroMinusTick,87b45471-af6b-8832-45b2-b67923b12768,1366332,0.01366332,400.0,Regular
2023-07-27T16:26:13.890Z,XBTUSD,Sell,11500,29275.5,ZeroMinusTick,e61da7ec-876c-3f3b-66dc-5642aee1b2b6,39282045,0.39282045,11500.0,Regular
2023-07-27T16:26:13.890Z,XBTUSD,Sell,100,29275.5,ZeroMinusTick,e8566d34-7cd6-c437-9e06-f73c4980c410,341583,0.00341583,100.0,Regular
2023-07-27T16:26:13.890Z,XBTUSD,Sell,500,29275.5,ZeroMinusTick,a10ec842-8cbb-7ded-c4e7-f0ddc238678d,1707915,0.01707915,500.0,Regular
2023-07-27T16:26:13.890Z,XBTUSD,Sell,1800,29275.5,ZeroMinusTick,4808716c-1756-1d5a-7633-11838570ce84,6148494,0.06148494,1800.0,Regular
2023-07-27T16:27:04.959Z,XBTUSD,Buy,100,29270.0,MinusTick,04f3f617-fb21-c38b-2f83-7f1005e2ee82,341647,0.00341647,100.0,Regular
2023-07-27T16:27:04.959Z,XBTUSD,Buy,3400,29270.0,ZeroMinusTick,9723ec9c-44a7-a766-06e7-0463d0038c16,11615998,0.11615998,3400.0,Regular
2023-07-27T16:27:13.400Z,XBTUSD,Buy,69700,29270.0,ZeroMinusTick,1ed2ad4a-dced-1c59-75b6-9c76e4434098,238127959,2.38127959,69700.0,Regular
2023-07-27T16:27:13.400Z,XBTUSD,Buy,800,29270.0,ZeroMinusTick,5dc128b5-b5ed-4a23-abfb-8b7fb9a8eb93,2733176,0.02733176,800.0,Regular
2023-07-27T16:27:13.400Z,XBTUSD,Buy,400,29270.0,ZeroMinusTick,ef945523-0713-4ea1-1805-ec1cba2ccaf7,1366588,0.01366588,400.0,Regular
